1868 2962
224 59 390 108 AMORUM
407 61 481 109 LIB.
500 63 544 109 m
562 64 619 111 En.
639 65 664 110 6.
771 59 819 113 193

63 162 148 219 fertur
157 161 188 218 in
197 160 310 218 Euadne
319 160 457 218 collectam
466 161 582 236 Asopide
593 162 731 222 flammam

99 238 256 312 vinceregu
292 237 374 293 'tibus
387 257 441 294 non
451 239 570 310 potuisse
579 240 648 296 suis.

63 313 157 370 Siccus
167 320 200 368 ut
208 329 272 385 amp
282 314 334 369 ccti
343 313 497 369 Salmonida
509 322 601 386 posset
610 315 741 388 Enipeus,

100 389 195 445 cedere
203 388 285 444 iussit
294 406 408 462 aquam:
430 390 504 445 iussa
515 391 713 462 recessitaqua.

63 466 309 536 Nectcpractereo,
329 465 510 538 qniperoava
522 465 723 523 saxavolutans
848 476 872 522 ts

101 539 214 596 Tiburis
224 538 305 614 Argei
316 540 448 612 spumifer
456 558 523 597 arva
534 543 622 616 rigas3

63 616 113 671 Ilia
122 616 167 671 cui
177 614 290 688 placuit,
311 616 437 689 quamvis
446 626 502 672 erat
514 617 623 673 horrida
633 614 719 682 cultu,

102 708 198 766 unguc
208 699 298 747 notata
309 709 409 758 comas,
430 710 467 746 un
508 700 621 747 anctata
629 710 724 766 genas.

64 766 128 832 llla,
148 783 262 841 gemens
275 767 419 839 patruique
431 785 465 822 00
477 785 507 821 as
516 767 667 840 delictaque
676 769 779 833 llartis,

103 842 210 897 errabat
223 842 296 897 nudo
306 860 354 914 per
364 842 419 898 lcca
432 842 488 898 sola
497 843 573 915 pede.
848 855 873 896 sn

65 919 140 974 llanc
150 917 240 972 amnis
252 917 353 990 rapidis
366 918 505 974 animosus
515 918 583 975 vidit
593 919 626 974 ab
635 918 731 987 undis,

101 1010 238 1065 raucaque
246 992 283 1047 dc
289 992 385 1048 mediis
398 993 509 1048 sustulit
521 994 667 1050 crovadis:

65 1078 147 1142 atquc
155 1068 206 1134 ita,
228 1068 429 1134 QuidnostraS,
450 1068 548 1141 inquit,
570 1069 722 1124 terisanxia
736 1067 820 1140 ripas,

103 1144 163 1209 llia,
183 1144 217 1198 ab
230 1144 307 1199 Idaeo
318 1144 496 1200 Laomedonte
504 1143 609 1219 genus?

66 1219 126 1288 Quo
134 1218 226 1274 cultus
236 1219 324 1273 abiere
334 1219 395 1275 tuit
412 1220 480 1292 quid
488 1220 544 1275 sola
554 1217 679 1293 vagaris?
849 1232 873 1275 55

103 1296 170 1351 vitta
181 1311 230 1349 nco
239 1295 358 1351 evinctas
369 1296 481 1368 impedit
491 1295 551 1350 alba
565 1293 674 1350 comm?

67 1370 140 1438 Quid
149 1368 208 1435 flcs,
228 1377 255 1424 et
264 1377 368 1426 teneros
379 1370 497 1425 lacrimis
506 1371 657 1441 corrumpis
667 1368 782 1425 ocellos?

103 1452 265 1518 pectoraque
274 1445 370 1501 insana
380 1445 486 1519 plangis
497 1453 587 1516 aperta
596 1443 698 1499 manu?

67 1520 114 1577 llle
125 1520 206 1575 habet
215 1528 241 1574 ct
250 1519 349 1586 silices,
369 1528 395 1575 et
403 1520 503 1575 durum
515 1520 543 1574 10
556 1527 660 1591 pectore
670 1518 780 1586 serrum,

104 1596 154 1669 qui
164 1604 256 1651 tenero
265 1595 388 1651 lacrimas
398 1595 486 1652 lentus
497 1595 525 1651 in
538 1613 583 1651 ore
593 1595 674 1650 videt.
850 1609 874 1651 ct

67 1670 125 1738 llia,
145 1688 217 1744 pone
228 1679 331 1741 metus;
352 1672 400 1727 tibi
410 1673 483 1746 regia
496 1679 586 1728 nostra
595 1670 709 1743 patebit:

104 1756 185 1820 teque
194 1744 282 1802 colent
294 1764 401 1803 amnes:
432 1747 490 1813 llia,
512 1755 689 1818 ponemctus.

67 1824 108 1878 Tu
118 1831 228 1878 centum
238 1831 286 1878 aut
293 1822 385 1895 plures
396 1822 464 1877 inter
474 1822 646 1877 dominabere
655 1823 810 1897 Nymphas:

105 1915 169 1954 nam
178 1905 288 1953 centum
299 1907 346 1954 aut
354 1896 446 1970 plures
456 1897 568 1953 llumina
582 1905 671 1953 nostra
681 1905 780 1954 tenent.

66 1974 279 2046 Ncmcspernc,
300 1991 402 2046 precor,
424 1982 543 2039 tantum,
564 1974 676 2030 Troiana
686 1991 819 2047 propago:
850 1982 873 2027 ts

104 2066 219 2105 munera
229 2050 372 2121 promissis
382 2049 505 2105 uberiora
514 2047 592 2104 leros.

67 2124 185 2180 Dixerat.
214 2124 263 2180 llla
273 2124 365 2181 oculos
374 2126 402 2180 in
413 2125 528 2178 humum
541 2124 640 2180 deiecta
650 2123 783 2180 modestos

104 2217 153 2273 spa
187 2199 249 2255 ebat
257 2200 346 2272 tepido
356 2199 452 2255 llebilis
463 2199 548 2254 imbre
557 2201 645 2256 sinus.

15 2306 21 2311 -
68 2276 156 2331 Term
185 2275 220 2330 ita
231 2274 335 2349 fugam,
356 2283 396 2330 tar
404 2274 437 2330 ad
448 2275 514 2330 altas
524 2277 619 2331 restitit
632 2273 729 2331 undas.

104 2349 232 2406 currendi
243 2350 314 2406 vires
325 2350 452 2422 eripiente
465 2358 547 2406 metu.

68 2425 130 2482 Sera
141 2435 233 2481 tamen
246 2427 371 2481 scindens
382 2426 490 2482 inimico
500 2426 595 2498 pollice
605 2424 717 2488 crinem,

105 2501 191 2557 edidit
200 2500 327 2575 indignos
337 2519 382 2556 ore
392 2508 519 2558 tremente
529 2516 628 2558 sonos:

65 2576 199 2630 Ontinam
208 2592 268 2629 maa
279 2576 345 2632 lecta
355 2575 446 2636 forent
454 2580 607 2658 patrioque
617 2575 752 2654 sepulcro

88 2654 163 2707 Onu,
178 2655 208 2709 T.
220 2658 240 2711 I,
719 2666 753 2721 ll
