1868 2962
235 130 446 178 HEROIDES.
475 132 530 178 ΕΡ.
544 132 612 180 xvl.
763 127 796 180 85

51 233 141 302 Quum
152 230 245 288 videas
254 230 357 287 cultum
367 241 457 288 nostre
466 233 499 287 de
508 240 585 306 gente
595 233 728 303 virornm;

85 307 197 382 qualem
205 307 685 364 Dardanidoscredishaberenurus‘?

52 386 86 440 Da
95 381 337 449 modoteiaciiem‚
350 399 398 438 noe
407 382 467 438 dedi
507 385 697 451 crementum,
812 397 851 440 195

85 477 150 514 rure
160 459 331 530 Therapnaeo
343 466 403 513 neta
411 458 474 530 puel
486 476 511 524 0,
525 459 667 533 Phrygem.

54 535 144 609 Phryx
153 542 209 589 eret
218 541 244 588 et
252 541 343 590 nostro
350 535 457 608 genitus
466 533 500 589 de
511 535 652 608 sanguine,
664 535 711 608 qui
724 553 796 590 nune

86 627 177 683 quum
186 609 229 664 dis
238 608 354 682 potando
362 616 466 664 nectare
477 609 571 664 miscet
581 626 674 682 aquas.

53 687 145 759 Phryx
154 691 210 739 erat
218 683 336 740 Aurorae
345 684 458 754 coninx;
479 692 568 740 tamen
578 684 689 739 abstulit
698 685 784 750 illum,

88 768 240 816 extremum
251 760 335 815 noctis
345 777 416 832 quae
424 760 473 815 dee
483 760 543 815 finit
551 761 611 814 iter.
813 773 851 814 200

51 838 143 910 Phryx
152 833 355 901 eretAnchises‚
370 833 562 891 volucrumcni
577 834 797 890 materAmorurn

88 909 187 986 gaudet
200 909 228 965 in
238 909 322 964 Idaeis
332 911 509 966 concubuisse
517 911 599 986 iugis.

50 987 114 1052 Nec,
125 990 202 1057 puto,
213 983 314 1041 collatis
324 985 408 1048 forma
417 986 553 1042 Menelaus
562 994 588 1042 et
599 986 688 1052 annis,

88 1061 177 1116 iudice
186 1068 220 1126 te,
234 1061 311 1116 nobis
320 1060 504 1118 anteferendus
514 1063 572 1117 erit.

51 1138 112 1193 Non
122 1136 247 1192 dabimus
256 1144 324 1190 certe
333 1154 455 1192 socerum
464 1138 513 1193 tihi
523 1136 592 1191 clara
602 1136 738 1211 fugantem
814 1148 852 1190 005

75 1215 78 1219 ’
89 1212 205 1278 iumine,
218 1212 267 1284 qui
277 1211 393 1283 trepidos
403 1231 417 1267 e
428 1212 495 1284 dape
503 1219 587 1266 vertat
597 1229 693 1284 equos:

53 1306 101 1343 nec
109 1295 185 1360 pater
193 1295 233 1342 est
242 1287 348 1342 Priamo
357 1288 439 1343 soceri
450 1288 483 1343 de
493 1287 572 1343 ccede
581 1296 720 1356 cruentus3

89 1363 172 1434 etqui
183 1363 299 1436 Myrtoas
311 1362 422 1417 crimine
432 1363 519 1438 signet
528 1380 627 1435 aquas:

53 1455 101 1493 nec
112 1455 213 1510 proevo
222 1436 314 1511 Stygia
325 1444 414 1493 nostro
423 1445 562 1509 captantur
572 1438 600 1492 in
609 1437 682 1493 unda

89 1531 179 1584 poma,
193 1513 278 1567 necin
287 1512 383 1567 mediis
392 1512 530 1585 quaeritur
538 1513 637 1567 humor
650 1512 737 1582 equis.
815 1524 853 1565 ‘tto

52 1588 126 1654 Quid
135 1597 224 1642 tamen
234 1587 285 1642 hoc
294 1587 381 1654 refert,
392 1587 416 1642 si
427 1596 451 1642 te
464 1595 534 1642 tenet
543 1594 617 1642 ortus
627 1587 660 1642 ah
672 1585 743 1640 illisi

91 1662 202 1737 Cogitur
210 1662 274 1717 huie
284 1661 376 1717 domui
387 1663 485 1734 Iupiter
498 1680 556 1718 esse
564 1680 647 1718 socer.

51 1740 110 1793 Heu
120 1737 239 1792 facinus!
260 1738 321 1792 totis
332 1738 460 1813 indignus
471 1739 593 1794 noctibus
604 1738 648 1793 ille

90 1821 116 1868 te
124 1820 204 1877 tenet,
216 1812 341 1885 amplexu
351 1813 550 1887 perfruiturque
559 1821 618 1869 tuo:

51 1899 79 1943 et
88 1887 157 1943 mihi
166 1886 327 1959 conspiceris
336 1889 421 1961 posita
431 1890 479 1946 vix
488 1889 603 1961 denique
613 1905 717 1943 mensa:
814 1897 853 1940 215

90 1963 243 2035 multaque,
267 1981 336 2036 quae
355 1963 473 2031 laedant,
496 1964 547 2019 hoo
565 1980 673 2036 quoque
691 1970 798 2033 tempus

432 2045 434 2049 '
588 2039 676 2094 habet.

53 2113 181 2170 Hostibus
191 2113 315 2169 eveniant
323 2114 446 2169 convivia
456 2113 517 2168 talia
528 2116 635 2180 nostris,

91 2188 213 2260 experior
224 2189 310 2260 posito
320 2189 410 2261 qualia
423 2207 501 2261 saepe
510 2207 593 2247 mero.

52 2263 171 2333 Poenitet
179 2263 299 2335 hospitii,
311 2280 407 2335 quum,
420 2282 463 2319 me
473 2273 614 2336 spectante,
627 2264 735 2318 lacertos

91 2338 207 2411 imponit
216 2336 283 2394 collo
291 2339 408 2393 rusticus
417 2339 462 2394 iile
471 2348 526 2395 tuo.
814 2347 852 2391 tto

52 2416 183 2485 Rumpor,
199 2421 225 2468 et
233 2413 349 2479 invideo,
369 2413 445 2487 (quid
455 2433 529 2471 nunc
539 2423 627 2471 tamen
637 2413 728 2468 omnia
739 2430 800 2468 nar-

589 2488 672 2563 remi)

92 2562 213 2618 membra
222 2563 370 2636 superiecta
379 2581 465 2638 quum
478 2572 524 2622 tua
533 2572 607 2621 veste
615 2563 698 2620 ieret.

52 2636 149 2692 osonio
157 2654 241 2736 ‹puum
254 2657 316 2696 vero
323 2657 414 2700 coram
427 2662 483 2703 non
494 2644 567 2704 dura
576 2642 695 2714 daretis„
