1868 2962
128 121 160 175 28
311 123 339 168 P.
361 120 487 168 OVIDII
505 122 673 169 NASONIS

128 223 240 282 Caerula
248 221 390 296 propulsae
399 222 558 278 subducitur
566 222 639 279 unda
650 224 766 280 carinae.

166 299 313 365 Terratibi‚
334 298 410 354 nobis
420 298 604 371 adspiciuntur
613 316 707 371 aquae.

128 378 159 431 In
169 375 238 430 latus
247 391 326 430 omne
333 381 426 445 patens
435 374 516 429 turris
526 374 705 446 circumspicit
714 377 816 433 undas:

75 464 100 505 70
164 449 310 518 hucier0r3
332 457 357 504 et
367 448 484 504 lacrimis
492 466 576 521 osque
587 449 719 521 sinusque
728 452 845 507 madent.

128 527 178 581 Per
187 525 311 580 lacrimas
322 532 424 596 specto;
446 524 613 596 cupidaeque
621 523 736 581 faventia
748 529 830 583 menti

166 600 273 675 lougius
283 599 392 656 adsueto
402 598 505 654 lumina
515 606 604 655 uestra
614 598 715 656 vident.

129 675 203 731 Adde
215 692 306 747 preces
315 680 409 739 castas,
430 673 602 746 immistaque
611 682 671 730 vota
680 675 781 743 umori,

167 768 240 807 nunc
249 766 357 822 queque
369 756 394 803 te
405 748 480 805 salve
489 749 663 829 persoluenda
673 751 752 806 mihi.

76 839 100 879 rt
128 828 193 883 Vota
203 843 252 900 ego
260 823 430 896 persolvam?
448 832 516 880 voti
525 825 616 880 Medea
626 824 745 881 frustra?

167 901 217 958 Cer
227 899 305 966 delet,
325 906 406 972 atque
415 899 455 956 ira
464 901 561 955 mistus
573 899 692 955 abundat
701 919 785 957 amer.

129 978 202 1033 Deua
213 975 295 1030 feram
306 973 422 1047 templis,
443 974 538 1030 vivum
546 973 620 1047 qued
629 976 722 1032 lasona
731 978 832 1049 perdel

166 1050 252 1107 hostia
263 1068 312 1122 pro
321 1049 427 1105 damnis
435 1050 556 1106 concidet
564 1050 614 1105 icta
626 1050 712 1105 meis?

130 1129 189 1183 Non
199 1125 323 1198 equidem
333 1123 489 1194 securafui;
509 1142 667 1197 semperque
675 1126 795 1193 verebar,

77 1216 102 1257 su
167 1220 200 1258 ne
211 1209 284 1273 pater
293 1199 416 1274 Argolica
425 1208 541 1256 sumeret
549 1200 616 1256 urbe
626 1217 736 1257 nurum.

131 1276 270 1351 Argolidas
280 1275 373 1330 timui:
395 1275 486 1330 nocuit
496 1274 684 1331 mihibarbara
696 1275 794 1348 pellex.

168 1353 227 1407 Non
240 1357 376 1422 expectato
384 1349 486 1404 vulnus
495 1351 530 1404 ab
538 1348 614 1407 hoste
623 1349 682 1405 tuli.

130 1429 185 1484 Nec
193 1424 259 1481 facie
271 1424 407 1480 meritisve
414 1423 513 1496 placst;
534 1423 581 1479 sed
592 1425 711 1480 carmine
720 1427 818 1482 movit:

167 1501 278 1574 diraque
287 1508 389 1557 cantata
398 1499 498 1572 pabula
507 1498 573 1555 falce
584 1500 668 1556 metit.

78 1590 102 1632 85
131 1577 178 1633 [lla
187 1576 358 1633 reluctantem
367 1593 448 1632 cursu
460 1574 588 1633 deducere
597 1575 702 1631 Lunam

169 1653 271 1717 nititur,
292 1659 318 1706 ct
326 1651 443 1718 tenebris
451 1650 549 1708 abdere
556 1647 627 1711 Solis
636 1667 730 1724 eques.

132 1725 402 1798 Illareirenataquas‚
422 1723 586 1798 obliquaque
594 1724 706 1781 llumina
716 1726 800 1782 sistit:

168 1801 214 1856 illa
224 1801 280 1857 loco
289 1799 371 1856 silvas
380 1800 496 1874 vivaque
504 1818 569 1856 sexa
578 1809 675 1857 movet.

132 1881 180 1934 Per
192 1875 310 1932 tumulos
320 1883 389 1932 errat
400 1876 502 1947 sparsis
510 1870 640 1935 discibcta
649 1875 764 1950 capillis,

78 1967 103 2008 eu
168 1959 291 2024 certaque
300 1951 333 2006 de
344 1951 441 2024 tepidis
450 1949 551 2025 colligit
559 1969 620 2006 essa
629 1953 710 2026 rogis.

133 2030 247 2083 Devovet
255 2027 386 2093 absentes,
408 2026 604 2099 simulacraque
613 2027 784 2103 cereasrngit,

169 2111 195 2158 et
204 2102 333 2157 miserum
345 2109 437 2157 tenues
447 2102 476 2157 in
488 2101 561 2157 iecur
570 2109 647 2175 urget
657 2119 730 2156 acus.

131 2177 400 2252 Et(quaencseisrim
410 2177 529 2251 melius,)
547 2176 617 2232 male
629 2177 765 2249 quaeritur
775 2176 866 2233 herbis

169 2253 289 2310 moribus
299 2260 324 2307 et
333 2251 416 2308 ferma
426 2253 621 2318 conciliandus,
642 2270 725 2307 amor.

79 2341 103 2382 es
132 2330 206 2385 Hanc
214 2335 288 2401 potes
299 2326 444 2399 amplecti‘l
459 2327 630 2400 thalamoque
638 2327 746 2383 relictus
756 2327 784 2383 in
796 2346 851 2383 uno

170 2404 324 2477 impavidus
333 2421 437 2468 somno,
458 2411 534 2459 nocte
542 2402 645 2468 silente,
666 2401 738 2456 irui‘?

133 2479 237 2534 Scilicet
244 2487 276 2535 ut
284 2487 382 2550 mures,
403 2479 474 2533 itate
485 2478 547 2552 iuga
556 2477 623 2533 ferre
631 2478 730 2551 coligit:

190 2571 279 2627 usque
288 2554 356 2611 leros
366 2571 478 2628 angues,
498 2561 641 2626 tequeque
650 2552 757 2618 mulcet,
779 2572 838 2625 ope.

125 2627 174 2684 dd
203 2671 211 2695 ,
234 2629 309 2704 quod
320 2629 438 2689 adscribi
450 2627 526 2688 iactis
535 2645 729 2704 procerumque
738 2630 846 2699 tuisque
