1868 2962
181 219 347 268 AMORUM
365 219 437 263 LIB.
456 218 488 263 11.
507 220 561 263 EL.
582 219 625 288 19.
722 213 770 266 479

41 321 139 387 'inoor,
163 329 187 374 et
199 320 337 407 ingenium
347 318 444 374 sumtis
454 319 739 390 revocaturabarmis3

62 412 161 468 resque
170 395 241 451 dom1
251 403 354 470 gestas,
374 403 399 449 et
408 411 467 449 mea
476 392 559 458 bella,
580 410 654 450 cano.

41 480 133 544 oeptra
144 478 232 526 tamen
242 470 343 540 sumsi3
364 486 481 542 curaque
490 469 634 542 Tragoedia
644 478 732 526 nostra

61 545 162 602 crevit:
182 545 280 600 ethuic
289 544 362 618 operi
372 544 521 616 quamlibet
531 551 608 615 aptus
618 561 700 599 eram.

41 622 94 677 isit
102 621 186 677 Amor
196 619 349 694 pallamque
358 637 456 687 meam,
468 619 607 691 pictosque
617 620 768 687 oothurnos,
800 633 825 675 15

61 703 220 768 sceptraque
230 695 334 768 privata
343 704 398 750 tam
407 695 459 751 cito
469 702 558 750 sumta
567 712 660 750 mauu.

41 773 94 828 [ine
103 787 212 844 quoque
221 789 264 826 me
273 770 396 845 dominae
406 788 507 825 numen
516 769 628 824 deduxit
636 769 758 842 iniquae:

61 846 150 919 deque
162 846 318 902 cothurnato
326 853 384 902 vate
394 845 541 918 triumphat
549 845 641 901 Amor.

41 920 103 989 tuod
113 920 187 988 lieet,
207 929 254 976 aut
264 928 332 976 artes
345 921 426 975 teneri
436 921 591 993 profitemur
600 920 734 977 Amorisv

62 997 116 1070 (hei
130 996 212 1052 mihi:
232 996 378 1069 praeceptis
388 1013 485 1070 urgeor
498 996 555 1068 ipse
563 996 631 1050 meis
639 996 656 1070 l)
709 1006 724 1029 *
800 1008 825 1051 2⁰

41 1079 85 1139 ut,
107 1070 181 1144 quod
190 1071 333 1143 Penelopes
343 1071 432 1126 verbis
442 1071 566 1125 reddatur
575 1071 665 1145 Ulyxi,

62 1147 222 1216 scribimus3
243 1155 289 1201 aut
299 1146 436 1211 lacrimas,
457 1145 546 1219 Phylli
556 1145 661 1212 relicta,
681 1153 755 1201 tuas:

41 1222 98 1278 uod
117 1222 201 1288 Paris,
221 1229 246 1277 et
264 1223 413 1288 Macareus,
437 1229 463 1276 et
481 1220 554 1294 quod
575 1221 644 1276 male
665 1229 757 1294 gratus

560 1298 645 1362 lason,

61 1370 253 1445 Hippolytique
263 1389 373 1444 patena,
395 1370 609 1446 Hippolytusque
620 1371 721 1445 legant.

43 1448 153 1520 uodque
163 1454 254 1501 tenens
265 1447 387 1502 strictum
396 1446 463 1501 Dido
473 1445 634 1500 miserabilis
646 1464 737 1500 ensem
800 1459 824 1501 25

62 1522 147 1588 dieat,
167 1529 193 1576 et
203 1521 308 1577 Aeoliae
317 1523 411 1577 Lesbis
421 1521 505 1576 amica
519 1519 600 1594 lyrae.

41 1605 113 1665 luam
123 1596 192 1652 celer
201 1613 216 1652 e
225 1604 278 1652 toto
289 1596 367 1651 rediit
376 1614 453 1651 meus
462 1596 526 1651 orbe
533 1594 659 1661 Sabinus,

61 1673 214 1744 scriptaque
224 1672 337 1727 diversis
348 1671 437 1727 retulit
447 1671 491 1726 ille
502 1671 580 1727 locis!

41 1748 145 1804 :andida
157 1746 286 1819 Penelope
297 1748 406 1822 signum
415 1746 539 1821 cognovit
550 1746 660 1821 Ulyxis:

62 1823 127 1898 legit
137 1822 171 1877 ab
181 1822 324 1896 Hippolyto
333 1823 429 1894 scripta
441 1839 551 1877 noverca
565 1840 624 1877 suo.
800 1832 824 1874 30

41 1917 81 1953 am
91 1898 155 1970 pius
165 1896 267 1952 Aeneas
277 1897 389 1952 miserae
399 1896 659 1969 rescripsitElissae:

62 1972 190 2046 quodque
200 1971 269 2047 legat
278 1973 395 2047 Phyllis,
416 1972 439 2026 si
452 1971 531 2028 modo
540 1971 621 2039 vivit,
642 1972 730 2027 habet.

41 2049 121 2103 'ristis
131 2048 164 2102 ad
173 2048 339 2122 Hypsipylen
349 2049 384 2104 ab
395 2049 487 2103 lasone
496 2045 569 2102 litera
582 2047 665 2103 venit.

61 2125 112 2179 Dat
123 2131 213 2178 votam
226 2124 330 2179 Phoebo
339 2122 433 2179 Lesbis
444 2128 529 2177 amata
541 2123 637 2198 lyram.

41 2201 79 2255 lec
88 2197 153 2264 tibi,
173 2215 228 2270 qua
237 2205 325 2253 tutum
335 2199 404 2266 vati,
427 2198 528 2265 Macer,
549 2195 745 2263 armacanenti,
800 2207 824 2250 35

62 2291 162 2329 aureus
172 2274 201 2328 in
211 2273 298 2329 medio
310 2275 392 2330 Marte
405 2281 506 2329 tacetur
515 2270 607 2329 Amor.

41 2351 59 2403 :t
71 2349 146 2404 Paris
156 2347 275 2414 estillic,
295 2357 321 2403 et
330 2349 448 2404 adultera
459 2347 548 2404 nobile
557 2348 674 2415 arimen3

62 2432 88 2479 et
97 2441 186 2480 comes
197 2423 311 2479 extincto
320 2423 462 2480 Laodamia
471 2423 540 2479 viro.

41 2499 53 2552 ti
63 2500 132 2554 bene
141 2506 166 2553 te
179 2497 256 2564 novi,
278 2516 332 2554 non
345 2498 413 2554 bella
424 2499 550 2554 libentius
561 2495 620 2550 istis

62 2574 149 2640 dieis,
170 2582 196 2629 et
206 2592 222 2629 a
234 2572 333 2630 vestris
341 2572 371 2630 in
380 2591 440 2632 mea
450 2580 538 2631 castra
549 2569 636 2629 redis.

638 2819 709 2877 tua.
