1868 2962
264 160 450 220 REMEDIA,
462 161 616 210 AMORIS:
760 157 812 210 297

62 263 95 319 Et
103 260 197 336 pudet,
209 269 235 318 et
244 261 345 319 dicam:
359 262 489 319 Venerem
499 279 608 336 quoque
617 264 700 339 iunge
712 263 807 338 figura¹

98 354 153 411 qua
166 337 279 393 minime
289 337 364 412 iungi
375 356 513 412 quamque
522 339 613 395 decere
623 349 710 411 putas.

61 415 115 469 Neo
126 412 201 468 labor
210 408 312 470 efficere
321 421 375 469 est:
396 432 470 469 rarae
479 414 532 469 sibi
542 431 604 469 vera
613 412 742 486 fatentur3

98 496 124 545 et
134 487 202 543 nihil
213 496 267 554 est,
288 487 674 561 quodsededecuisseputent.
826 499 865 546 tto

60 565 138 620 Tunc
147 563 227 619 etiam
238 563 316 618 iubeo
329 572 395 618 totas
407 564 508 636 aperire
520 563 657 630 fenestras,

99 639 243 710 turpiaque
252 637 370 694 admisso
380 640 498 694 membra
510 648 600 695 notare
608 639 662 695 die.

59 713 104 781 Aa,
127 713 210 771 simul
220 713 254 768 ad
264 720 347 769 metas
358 713 431 769 venit
441 714 514 770 finita
526 713 658 786 voluptas,

99 787 225 861 lassaque
234 805 296 844 oum
307 797 359 843 teta
369 805 480 861 corpora
487 798 576 845 menta
588 791 687 859 iacent3

58 865 127 921 dum
138 864 221 938 piget,
241 871 267 918 et
276 861 377 918 nullam
388 862 482 919 malles
496 864 612 938 tetigisse
624 863 752 938 puellam,
826 873 865 919 tra
891 908 894 913 .

53 1002 57 1008 ,
98 947 273 1011 acturusque
281 938 329 993 tibi
341 956 394 994 non
405 939 510 995 videare
521 940 582 1007 diu;

58 1024 126 1071 tune
135 1014 227 1071 animo
235 1013 321 1100 signa,
332 1031 509 1087 quaecunque
520 1015 547 1070 in
557 1031 665 1087 corpore
674 1012 770 1070 menda
777 1023 825 1068 est

99 1089 258 1162 luminaque
266 1107 295 1143 rn
305 1088 378 1143 vitiis
389 1088 463 1144 illius
473 1107 561 1161 usque
571 1099 650 1144 tene:

59 1166 184 1224 Forsitan
198 1164 264 1221 haee
278 1163 378 1237 aliquis
399 1166 471 1238 (narn
487 1173 551 1220 sunt
561 1163 690 1237 quoque)
708 1181 789 1236 parva

250 1274 252 1278 -
575 1238 692 1294 vocabit:
768 1276 770 1281 ·

98 1313 156 1382 sed,
179 1331 248 1389 quae
258 1332 311 1372 non
320 1313 560 1390 prosuntsinguta‚
581 1314 665 1370 multa
675 1314 777 1369 iuvant.
825 1321 864 1367 tao

61 1395 145 1449 Parva
156 1400 231 1447 necat
239 1408 330 1448 morsu
340 1392 486 1463 spatiosum
499 1391 587 1462 vipera
597 1399 718 1446 taurum:

99 1483 190 1524 acano
200 1484 253 1523 non
264 1484 361 1541 magno
372 1483 450 1538 saepe
460 1474 563 1520 tenetur
576 1482 648 1536 aper.

60 1545 102 1599 Tu
114 1550 218 1598 aarum
230 1559 342 1597 numero
353 1559 453 1615 pugna,
474 1548 665 1613 praeceptaque
675 1540 702 1593 in
712 1556 797 1593 unum

98 1617 238 1674 contrahe:
255 1617 289 1672 de
300 1616 391 1673 multis
400 1615 510 1691 grandis
520 1632 630 1670 acervus
639 1614 698 1670 erit.

59 1693 187 1766 Sedquia
198 1693 378 1749 sunttotidem
393 1709 489 1757 mores,
510 1690 671 1764 totidemque
681 1689 796 1765 figurae;
825 1698 864 1743 tta

99 1787 153 1825 non
163 1778 228 1824 sunt
238 1768 343 1823 iudiciis
352 1768 442 1824 omnia
452 1768 538 1823 danda
550 1767 626 1822 meis.

61 1843 122 1913 Quo
131 1854 177 1900 tua
188 1862 240 1900 non
251 1853 364 1915 possunt
372 1843 468 1900 offendi
479 1852 582 1914 pectora
593 1840 669 1908 facto,

100 1919 210 1977 forsitan
222 1919 271 1975 hoc
281 1919 334 1974 alio
344 1919 540 1974 iudicecrimen
551 1917 609 1973 erit.

62 1994 109 2052 Ille
118 1995 190 2069 quod
200 1995 344 2051 obscaenas
355 1996 382 2050 in
393 2003 482 2066 aperto
490 2010 598 2065 corpore
608 1999 695 2064 partes

99 2072 211 2136 viderat,
232 2070 409 2143 incursuqui
422 2068 480 2132 tuit,
501 2069 683 2125 haesitamor:
824 2074 864 2121 tto

63 2146 107 2203 itte
118 2145 205 2220 quod,
226 2145 360 2201 aVeneria
374 2146 454 2201 rebus
464 2154 590 2219 surgente
600 2142 698 2217 puella,

99 2221 166 2282 vidit
177 2222 205 2278 in
216 2221 357 2285 immundo
366 2222 444 2294 signa
454 2220 575 2291 pudenda
585 2230 650 2276 toro.

61 2297 201 2362 Laetitiae,
222 2295 245 2350 si
259 2312 328 2367 quos
339 2305 481 2368 potuerunt
491 2296 540 2350 ista
552 2296 655 2351 iuvare·

39 2424 42 2430 .
100 2371 229 2427 adstarent
239 2370 341 2442 tepidae
352 2380 454 2442 pectora
465 2381 551 2426 vestra
562 2370 640 2440 faces.

62 2445 236 2504 Attrahetilte
250 2462 316 2517 puer
327 2455 463 2501 contentos
474 2445 567 2502 rorans
580 2461 672 2513 arcus3
826 2452 864 2499 435

99 2522 189 2577 sarreia
201 2521 326 2576 maiorem
339 2522 415 2575 turba
427 2522 519 2592 petetis
529 2536 618 2590 opem.

19 2588 28 2603 ’
62 2595 153 2666 Quint
170 2597 218 2669 qui
228 2595 296 2651 clam
311 2595 385 2650 tatuit
396 2595 519 2651 reddente
527 2595 656 2657 obscaena
667 2591 769 2668 puella:

99 2680 125 2729 et
135 2671 210 2736 vidit,
232 2689 302 2745 quae
311 2689 370 2730 mos
381 2673 440 2747 ipse
450 2671 544 2730 ridere
552 2667 642 2729 retat‘t
698 2708 708 2723 .
