1874 3030
255 151 464 200 HEROIDES.
491 155 546 200 ΕΡ.
559 156 593 201 X.
770 151 802 204 tl

56 250 205 307 Excussere
213 258 300 308 metus
313 269 453 310 somnum:
474 255 612 311 conterrita
621 272 717 331 surgo:

90 327 269 400 membraque
278 336 343 384 sunt
351 327 434 384 viduo
443 330 611 402 praecipitata
619 339 686 388 tero.

58 402 183 459 Protinus
193 401 314 458 adductis
325 413 472 460 sonuerunt
481 413 585 476 pectora
593 405 703 477 palmis:
831 419 856 462 15

91 486 180 550 utque
189 485 268 532 erata
278 496 373 534 somno
380 479 496 546 turbida,
508 487 583 552 rapta
592 497 667 537 corna
676 490 725 537 est.

56 553 133 609 Luna
143 552 209 608 tuit:
230 562 327 624 specto,
339 554 361 608 si
372 554 449 627 quid,
462 555 514 609 nisi
526 555 620 621 littora,
631 573 747 614 cernam.

91 627 171 696 Quod
182 626 290 682 videant
298 628 378 694 oculi,
390 628 439 694 nil,
451 630 503 684 nisi
515 628 598 696 littus,
611 631 717 688 hebent.

56 703 138 760 Nunc
155 702 220 770 huc,
241 720 314 759 nunc
332 701 406 769 illuc,
427 711 453 758 et
471 712 594 777 utroque,
615 705 673 760 sine
691 708 792 774 ordine,

600 796 691 837 curro:

93 851 148 908 alta
161 851 293 924 puellares
304 852 388 907 tardat
397 870 476 909 arene
487 854 577 926 pedes.
832 870 856 912 en

56 930 158 984 Interea
169 934 223 984 toto
231 926 354 982 clamanti
367 926 461 994 littore,
473 930 586 996 Theseu,

93 1001 240 1058 reddebant
249 1019 345 1058 nomen
358 1020 472 1059 eoncava
482 1022 546 1060 saxa
556 1012 649 1061 tuum:

55 1083 82 1135 et
90 1078 197 1152 quoties
209 1094 259 1152 ego
267 1086 301 1142 te,
317 1079 392 1134 toties
402 1077 475 1135 locus
486 1080 543 1151 ipse
551 1081 673 1149 vocabat,

93 1155 153 1227 ipse
163 1152 238 1209 locus
246 1153 358 1208 miserae
368 1152 434 1209 ferre
443 1154 547 1210 volebat
556 1172 643 1227 opem.

56 1230 136 1287 Mons
147 1226 211 1297 iuit;
232 1237 359 1301 apparent
367 1227 475 1285 lrutices
485 1230 514 1285 in
524 1231 619 1285 vertice
632 1229 698 1285 rari:
833 1244 858 1285 25

95 1302 300 1375 bincacepulus
312 1305 398 1360 raucis
407 1304 505 1377 pendet
514 1304 610 1361 adesus
619 1305 708 1377 aquis.

56 1379 208 1446 Adscendo,
219 1378 300 1452 (vires
312 1381 420 1435 animus
430 1379 529 1454 dabat.)
539 1389 618 1453 atque
628 1381 662 1435 ita
674 1379 725 1436 late

95 1472 211 1528 aequora
221 1464 360 1527 prospectu
370 1455 464 1510 metior
473 1454 524 1510 alta
533 1473 601 1511 meo.

58 1530 124 1587 Inde
132 1548 191 1604 ego,
202 1529 275 1603 (nam
285 1530 372 1585 ventis
381 1546 490 1602 quoque
497 1547 560 1584 sum
570 1528 723 1585 crudelibus
734 1530 803 1602 usa,)

96 1605 154 1662 vidi
165 1605 301 1677 praecipiti
313 1605 422 1660 carbasa
432 1612 503 1660 tenta
512 1606 588 1660 Noto.
833 1618 857 1657 an

58 1680 114 1736 Aut
124 1680 189 1746 vidi,
201 1688 248 1737 aut
267 1688 345 1746 certe,
359 1697 445 1752 quum
459 1697 502 1734 me
511 1680 612 1735 vidisse
621 1686 753 1753 putarem,
806 1729 811 1743 ,

98 1754 220 1830 frigidior
229 1754 314 1829 glacie
323 1755 543 1828 semianimisque
552 1755 603 1811 lui.

60 1833 115 1887 Nae
125 1831 251 1904 languere
260 1830 307 1884 diu
316 1831 415 1901 patitur
428 1829 515 1887 dolor:
537 1831 635 1886 excitor
644 1829 704 1899 illo;

97 1906 207 1972 excitor,
219 1912 245 1960 et
253 1923 360 1961 summa
370 1906 469 1960 Thesea
480 1923 543 1962 voce
553 1924 626 1962 voco.

60 1981 120 2050 Quo
129 1980 213 2056 fugis,
223 1978 352 2046 exclamo,
363 1979 505 2036 scelerate?
523 1982 669 2046 Revertere,
681 1980 798 2048 Theseu,
834 1990 858 2032 35

97 2055 171 2112 flecte
180 2063 277 2124 ratem;
298 2073 443 2111 numerum
454 2073 507 2111 non
517 2056 596 2110 habet
604 2054 649 2111 illa
660 2074 751 2110 suum.

60 2133 130 2187 llaec
139 2134 198 2204 eg'o,
209 2131 282 2202 quod
292 2132 349 2186 voci
360 2131 457 2195 deerat,
467 2129 593 2205 plangore
603 2130 747 2202 replebam.

97 2206 213 2262 Verbera
225 2223 287 2260 cum
297 2206 386 2260 verbis
396 2205 475 2260 miste
484 2205 557 2260 luere
567 2206 644 2261 meis.

61 2282 90 2338 si
100 2298 155 2336 non
166 2280 283 2344 audires,
294 2289 324 2334 ut
332 2279 425 2334 saltem
436 2297 542 2336 cernere
551 2298 653 2352 posses,

99 2356 207 2411 iactatae
217 2354 268 2410 late
278 2355 355 2428 signa
365 2354 459 2411 dedere
468 2374 579 2413 manus:
834 2360 859 2407 lt

60 2429 227 2502 candidaque
236 2430 353 2502 imposui
365 2429 456 2504 longae
464 2431 596 2487 velamina
606 2430 705 2502 virgae,

99 2504 199 2561 scilicet
208 2505 303 2562 oblitos
313 2506 479 2562 admonitura
489 2507 551 2561 mei.

61 2583 173 2653 lamque
181 2580 265 2638 oculis
277 2589 383 2653 ereptus
392 2599 463 2637 eras:
485 2580 667 2652 tumdenique
677 2577 747 2635 llevi.

100 2657 265 2728 Torpuerant
275 2656 368 2718 molles
378 2663 437 2713 ante
446 2654 535 2712 dolore
544 2671 637 2731 genae.
729 2679 732 2685 ·
