1868 2962
208 106 372 154 Auouuu
391 109 463 154 uro.
483 109 525 155 111.
544 111 599 177 eu.
622 111 664 158 13.
760 109 810 164 207

59 209 139 266 Casta
149 207 297 264 sacerdotes
307 208 403 263 lunoni
413 207 478 264 festa
488 211 626 281 parabant,

97 291 123 339 et
132 283 249 339 celebres
260 282 352 350 ludos,
376 283 585 358 indigenamque
593 287 698 342 bovem.

59 359 169 417 Grande
181 377 270 415 morae
279 359 404 431 pretium,
423 360 491 414 ritus
504 377 674 434 cognoscere:
687 367 813 436 quamvis
852 381 863 422 5

97 433 218 490 difficilis
226 434 305 489 clivis
315 435 368 488 huc
377 435 420 489 viu
431 435 538 506 praebet
548 436 607 491 iter.

58 511 217 576 Statvetus‚
237 517 263 564 ot
272 509 354 564 densa
362 510 537 581 praenubilus
546 511 638 566 arbore
647 512 734 568 lucus.

97 585 228 657 Adspice3
249 584 376 640 concedes
386 586 508 640 numinis
517 603 576 640 esse
586 586 684 642 locum.

59 661 166 733 Accipit
176 677 221 715 ara
233 677 338 731 preces,
358 661 501 733 votivaque
510 669 569 716 tura
580 662 696 734 piorum,

98 754 144 792 ara
157 753 206 808 per
218 735 342 807 antiques
353 733 418 790 iacta
427 736 486 791 sino
498 745 552 792 arte
562 755 670 794 monus.

59 813 109 867 Hic
118 810 167 866 ubi
177 811 331 884 praesonuit
339 810 451 866 sollenni
463 812 527 867 tibia
539 820 628 880 contu,

99 884 120 942 it
129 904 178 958 per
189 885 288 941 velatos
299 902 388 940 annua
397 904 496 958 pompa
508 887 566 943 vies

58 964 202 1018 Ducuntur
211 962 317 1027 niveae,
338 961 437 1033 populo
446 962 601 1034 plaudente,
625 964 760 1030 iuvencae,

98 1036 246 1110 quaesiuit
257 1036 359 1108 campis
370 1037 451 1092 herbe
461 1037 564 1093 Falisca
575 1039 642 1105 suis,

58 1122 85 1169 et
94 1112 175 1169 vituli
187 1111 307 1168 noudum
318 1112 460 1167 metuenda
473 1111 557 1168 fronte
567 1114 693 1182 minaces,

97 1196 123 1245 et
133 1187 221 1243 minor
230 1205 263 1243 ox
273 1187 370 1243 humili
382 1187 490 1244 victima
498 1205 595 1260 porcus
605 1190 678 1256 hare,

58 1264 173 1337 duxque
181 1264 271 1338 gregis
280 1280 362 1318 cornu
376 1281 422 1335 per
432 1270 549 1336 tempore
562 1264 628 1321 dura
639 1284 758 1323 recurvo.
828 1318 830 1322 ,

96 1339 189 1396 Invisa
199 1346 238 1394 est
246 1339 369 1395 dominae
379 1337 435 1394 sola
445 1339 544 1410 capello
556 1340 629 1395 deae.

58 1416 138 1472 Illius
148 1414 247 1470 indicio
257 1414 333 1469 silvis
344 1414 451 1469 invento
461 1415 513 1469 sub
523 1415 584 1471 altis

97 1490 197 1546 dicitur
207 1489 338 1562 inceptam
348 1489 499 1544 destituisse
508 1489 611 1563 fugam.

57 1569 141 1623 Nunc
158 1582 266 1639 quoque
286 1582 334 1637 per
352 1582 448 1636 pueros
468 1564 562 1620 iaculis
585 1564 727 1622 incessitur
745 1567 787 1622 in-

597 1639 658 1707 dex,

96 1723 123 1772 et
131 1714 248 1789 pretium
258 1714 358 1770 auctori
367 1713 487 1771 vulneris
498 1716 555 1788 ipsa
565 1716 653 1771 datur.

58 1793 119 1861 Quo
129 1789 298 1848 venturadea
308 1798 361 1855 est,
383 1791 493 1846 iuvenes
503 1792 665 1865 timidaeque
677 1794 780 1866 puellae

96 1873 286 1941 praesternunt
295 1865 360 1921 latas
370 1873 442 1921 veste
452 1866 551 1922 iacente
561 1867 635 1922 vies:

57 1943 181 2018 Virginei
191 1942 278 1996 crines
287 1959 353 1997 auro
361 1959 521 2070 {emmaque
530 1951 702 2013 premuntur;

98 2028 124 2074 et
134 2018 199 2092 tegit
207 2026 312 2073 auratos
321 2016 365 2089 pal
377 2035 391 2072 a
402 2017 516 2088 superba
527 2017 616 2088 pedes.

57 2096 131 2153 More
140 2101 246 2164 patrum
255 2101 346 2149 sancto
355 2092 454 2149 velatae
462 2093 582 2149 vestibus
591 2092 660 2149 albis

97 2169 192 2225 tradita
202 2169 340 2240 supposito
350 2168 446 2223 vertice
455 2185 528 2223 soora
540 2167 636 2223 ierunt.

57 2246 111 2302 Ore
122 2243 211 2299 favent
221 2243 312 2315 populi
325 2252 388 2299 tuno
397 2261 484 2316 quum
494 2245 567 2299 venit
576 2261 654 2299 auree
665 2261 777 2315 pompe:

97 2321 157 2392 ipse
167 2319 313 2374 sacerdotes
323 2320 550 2392 subsequiturque
562 2337 636 2375 sues.

57 2396 161 2471 Argiva
170 2403 210 2449 est
218 2411 330 2466 pompae
343 2393 430 2450 iacies.
460 2396 482 2450 Α
502 2411 660 2450 ememnoue
668 2410 744 2449 caeso

95 2480 122 2527 et
134 2467 222 2524 scelus
231 2477 256 2523 et
265 2469 363 2541 patrias
374 2468 442 2543 iugit
450 2414 561 2526 Haiesus
571 2487 645 2541 opes·

57 2549 172 2619 Iamque
181 2545 321 2616 pererratis
330 2543 460 2618 profugus
470 2555 591 2617 terraque
602 2542 736 2617 marique,

97 2621 203 2677 moenia
212 2618 281 2674 ieiici
291 2618 410 2675 condidit
419 2619 471 2679 alta
480 2639 580 2679 mauu.
