1868 2962
249 142 282 198 72
440 149 467 196 Ρ.
489 148 616 197 OVIDII
634 149 801 196 NASONIS
888 194 893 201 ,

435 382 694 440 EPISTOLA
733 383 810 438 XV.

366 500 589 545 sarano
643 500 875 546 aaroni.

184 631 188 641 '
249 613 405 697 Numquid,
416 624 463 680 ubi
471 623 593 698 adspecta
603 633 643 681 est
651 623 785 680 studiosae
794 624 868 682 litera
877 627 920 684 de

286 700 407 772 protinus
420 706 459 756 est
468 699 552 756 oculis
562 701 666 776 cognita
679 707 767 755 nostra
777 700 851 756 tuis?

249 794 293 844 an,
308 776 361 830 nisi
372 775 482 850 legisses
493 777 607 833 auctoris
617 775 726 832 nomina
736 773 872 849 Sapphus,

286 852 336 905 hoc
345 851 425 906 breve
435 853 548 906 nescires
559 852 631 907 unda
641 857 762 907 movetur
772 851 859 924 opus‘l

196 940 207 980 a
251 926 370 980 Forsitan
381 933 415 992 et,
429 944 578 999 quare-mea
588 928 642 982 sint
651 926 760 990 alterna,
776 928 902 1000 requiris,

287 1002 414 1067 carmina,
436 1020 522 1074 quum
532 1002 622 1078 lyricis
633 1003 685 1057 sim
696 1002 783 1075 magis
793 1010 853 1075 apta
864 1003 927 1060 mod

251 1076 368 1131 Flendus
378 1095 452 1132 amor
462 1095 538 1133 meus
549 1085 602 1133 est:
624 1078 690 1151 elegi
703 1075 790 1132 flebile
801 1096 919 1135 carmen.

287 1154 347 1208 Non
356 1151 417 1207 facit
427 1153 460 1207 ad
472 1153 594 1208 lacrimas
604 1153 722 1208 barbitos
731 1152 786 1208 ulla
796 1171 881 1211 meas.

250 1228 325 1293 Uror,
339 1235 378 1294 ut,
392 1227 529 1283 indomitis
539 1228 628 1302 ignem
639 1229 823 1285 exercentibus
833 1229 925 1294 Euris,

197 1315 220 1357 ta
288 1302 379 1357 fertilis
389 1304 506 1357 accensis
517 1303 650 1357 messibus
660 1304 733 1360 ardet
742 1321 814 1378 ager.

251 1378 319 1432 Arva
330 1379 419 1433 Phaon
429 1376 541 1433 celebrat
549 1376 654 1432 diversa
665 1378 819 1453 Typhoidos
829 1378 929 1435 Aetnae

288 1471 330 1508 mc
339 1453 410 1510 calor
418 1452 532 1509 Aetnaeo
543 1471 595 1509 non
606 1452 694 1509 minor
704 1456 766 1530 igne
775 1463 855 1510 tenet.

250 1532 303 1584 Nec
313 1530 390 1596 mihi,
404 1528 540 1602 dispositis
550 1547 619 1602 quae
628 1529 740 1605 iungam
750 1529 868 1585 carmina
880 1547 913 1585 ne

286 1605 458 1677 proveniunt;
480 1622 577 1660 vacuae
587 1605 706 1660 carmina
715 1605 810 1660 mentis
820 1622 900 1676 opus.

197 1692 221 1734 15
250 1682 303 1734 Nec
313 1698 355 1734 me
363 1678 521 1753 Pyrrhiades
531 1680 776 1752 Methymniadesve
785 1679 900 1750 puellae,

287 1772 334 1809 nec
343 1772 386 1809 me
395 1753 555 1809 Lesbiadum
565 1763 664 1811 caetera
674 1756 751 1810 turba
760 1754 863 1810 iuvant.

250 1830 316 1887 Vilis
326 1830 473 1895 Anactorie,
485 1828 547 1885 vilis
557 1830 624 1885 mihi
634 1830 746 1886 candida
756 1830 863 1905 Cydno:

288 1924 341 1961 non
350 1905 434 1960 oculis
443 1912 517 1980 grata
527 1913 567 1960 est
577 1905 674 1972 Atthis,
689 1914 719 1961 ut
728 1913 798 1971 ante,
814 1906 891 1973 meis,

250 1990 329 2053 atque
338 1979 405 2036 aliae
414 1989 530 2046 centum,
545 1998 613 2053 quas
625 2000 678 2036 non
688 1983 746 2037 sinc
755 1981 867 2036 crimine
877 1999 931 2036 am

196 2069 221 2111 20
287 2056 417 2128 Improbe,
431 2053 577 2111 multarum
587 2057 659 2128 quod
670 2055 728 2122 init,
744 2074 816 2111 unus
825 2055 919 2113 habes.

250 2134 298 2187 Est
308 2133 335 2186 in
346 2139 370 2186 ta
380 2129 468 2196 facies,
483 2139 547 2187 sunt
556 2132 610 2203 apti
621 2131 726 2186 lusibus
736 2133 810 2186 anni.

288 2207 310 2263 0
321 2206 399 2263 facies
409 2206 493 2262 oculis
505 2206 632 2261 insidiosa
643 2207 723 2262 meisi

251 2284 332 2338 Sume
341 2283 421 2338 tidem
431 2289 457 2337 et
466 2282 630 2353 pharetram;
652 2283 699 2336 fies
710 2281 868 2338 manlicstus
878 2282 932 2356 Ap

288 2358 419 2414 Accedant
427 2357 506 2428 capiti
516 2375 625 2423 cornua,
639 2358 758 2413 Bacchus
767 2357 829 2413 eris.

3 2398 32 2435 Ζ
198 2445 222 2486 25
252 2435 284 2488 lit
293 2435 415 2490 Phoebus
425 2433 563 2505 Daphnen,
585 2441 610 2487 et
621 2433 738 2489 Gnosida
752 2433 870 2488 Bacchus
881 2451 934 2488 am

4 2528 7 2543 ¹
130 2517 131 2522 ’
291 2527 336 2564 nec
347 2517 421 2566 norat
431 2509 526 2584 lyricos
537 2506 582 2562 illa
593 2508 635 2563 vel
646 2509 690 2564 illa
701 2509 803 2565 modos.

244 2588 283 2639 At
290 2585 360 2640 milri
367 2584 510 2662 Pegasides
520 2583 698 2641 blandissima
706 2584 826 2639 carmina
836 2583 934 2640 dictant

268 2665 326 2719 iam
336 2664 451 2724 canitur
462 2672 516 2726 toto
528 2682 633 2725 nomen
641 2662 673 2720 in
682 2662 747 2719 calte
761 2676 867 2715 ansani¹
