1868 2962
252 173 420 219 AMORUM
437 174 508 221 LIB.
525 175 559 221 11.
578 176 636 223 EL.
653 179 676 223 6.
779 174 827 227 163

121 275 147 331 id
157 274 362 332 sceluslsmarii
375 262 504 348 quereris,
524 275 679 345 Philomela,
701 282 826 355 tyranni?

116 351 227 424 Expleta
237 358 277 406 est
285 350 426 411 annisista
435 349 543 423 querela
554 354 622 408 suis.

111 428 153 482 itis
165 429 194 482 in
204 445 279 483 rarae
287 427 416 483 miserum
426 427 547 482 divertite
557 427 650 483 funus.

112 504 226 577 Magna,
247 501 294 557 sed
303 503 414 575 antiqua
426 509 466 557 est
474 519 570 557 caussa
581 502 679 558 doloris
692 507 755 580 Itys.
847 521 881 563 lo

101 596 192 644 mnes,
213 595 283 651 quae
292 576 395 652 liquido
408 576 511 633 libratis
521 578 620 632 inaere
632 596 742 651 cursus;

111 663 142 709 tu
157 663 245 708 tamen
255 661 316 709 ante
326 652 406 718 alias,
427 660 516 709 turtur
525 654 624 718 amice,
646 654 715 709 dole.

95 728 156 784 lena
165 728 218 784 luit
226 728 303 785 vobis
312 729 387 784 omni
397 728 536 784 concordia
546 730 610 794 vita,

111 814 137 860 et
148 805 220 860 stetit
228 803 262 859 ad
272 804 355 859 finem
366 803 444 879 longa
453 812 587 876 tenaxque
595 804 673 860 fides.

80 880 153 947 Juod
165 879 249 935 fuitA
281 879 348 935 olico
358 879 463 934 iuvenis
474 878 593 935 Phoceus
603 879 725 950 Orestae;
854 897 878 939 15

111 956 163 1011 hoc
172 956 235 1020 tibi,
275 954 420 1021 umlicuit,
441 954 564 1027 psittaco,
586 963 673 1010 turtur
682 966 744 1012 erat.

72 1030 145 1098 Quid
155 1039 244 1086 tamen
256 1031 307 1086 ista
316 1028 401 1086 fides‘l
418 1029 485 1102 quid
494 1031 547 1084 rari
560 1029 643 1085 forma
654 1030 767 1088 coloris?

110 1105 179 1178 quid
189 1124 242 1162 vox
251 1106 387 1160 mutandis
399 1105 536 1180 ingeniosa
547 1105 639 1161 sonis?

74 1182 144 1255 quid
153 1183 238 1248 iuvat,
256 1189 286 1236 ut
295 1181 374 1236 datus
384 1199 422 1247 es,
441 1187 546 1236 nostrae
552 1180 686 1253 placuisse
694 1184 815 1255 puellae?

110 1255 208 1312 Infelix
218 1257 310 1311 avium
319 1256 419 1330 gloria,
440 1273 537 1328 nempe
548 1256 628 1312 iaces.
852 1274 877 1317 20

72 1334 113 1388 Tu
124 1342 229 1405 poteras
239 1332 338 1387 virides
347 1332 445 1405 pennis
454 1332 576 1388 hebetare
586 1334 751 1408 smaragdos,

110 1409 192 1464 tincta
200 1426 301 1483 gerens,
306 1408 388 1463 rubro
398 1408 498 1463 Punica
511 1417 596 1463 rostra
606 1426 691 1465 croco.

71 1485 132 1539 Non
144 1483 196 1538 fuit
205 1485 234 1538 in
244 1484 320 1539 terris
330 1500 426 1538 vocum
436 1482 605 1538 simulantior
614 1483 683 1540 ales:

110 1559 240 1614 reddebas
249 1559 339 1615 blaeso
353 1566 406 1613 tam
417 1559 484 1612 bene
494 1560 575 1613 verba
585 1576 658 1614 sono.

71 1637 175 1708 Raptus
184 1652 214 1690 es
223 1635 334 1690 invidia.
365 1636 424 1689 Non
434 1641 465 1688 tu
474 1633 528 1688 fera
536 1633 606 1689 bella
616 1635 755 1691 movebas:
851 1649 877 1693 25

109 1709 246 1786 garrulus,
268 1719 294 1765 et
305 1709 424 1782 placidae
436 1710 510 1782 pacis
519 1718 621 1766 amator
629 1729 697 1766 eras.

70 1787 155 1851 Eece,
175 1787 323 1842 coturnices
333 1786 460 1841 intersua
470 1786 570 1859 proelia
580 1787 690 1842 vivunt:

109 1860 221 1917 forsitan
232 1870 258 1916 et
267 1863 336 1917 liunt
346 1861 408 1917 inde
420 1861 572 1934 frequenter
583 1880 662 1917 anus.

71 1936 241 1993 Plenuseras
250 1937 378 1994 minimo:
400 1955 448 1993 nec
457 1955 521 2009 prae
530 1939 760 2014 sermonislamore

109 2012 139 2068 in
151 2012 250 2069 multos
259 2022 363 2086 poteras
376 2030 421 2068 ora
432 2030 525 2068 vacare
533 2014 617 2069 cibos.
850 2029 875 2072 ao

71 2090 136 2145 Nux
147 2097 203 2144 erat
212 2106 271 2144 esca
280 2089 343 2155 tibi,
364 2106 528 2162 caussaeque
540 2107 670 2162 papavera
683 2093 786 2148 somni:

109 2162 278 2238 pellebatque
290 2164 363 2219 sitim
373 2163 505 2237 simplicis
517 2165 615 2222 humor
624 2186 718 2239 aquae.

71 2241 146 2299 vivit
154 2239 222 2296 edax
231 2240 333 2306 vultur,
353 2240 509 2313 ducensque
516 2258 565 2314 per
573 2245 632 2298 aera
643 2262 724 2318 gyros

109 2314 227 2382 millius,
248 2323 274 2372 et
282 2315 390 2388 pluviae
398 2315 526 2391 graculus
536 2326 626 2374 auctor
639 2336 736 2390 aquae:

71 2392 140 2447 vivit
154 2398 180 2447 et
188 2393 334 2468 armigerae
342 2392 436 2448 cornix
446 2392 533 2448 invisa
542 2395 690 2458 llinervae3
849 2407 874 2449 35

108 2466 155 2522 illa
169 2468 279 2541 quidem
292 2467 386 2523 saeclis
396 2469 444 2523 vix
456 2470 583 2526 moritura
594 2486 700 2525 novem.

71 2541 175 2599 Occidit
184 2543 231 2600 illa
241 2544 340 2618 loquax
349 2542 482 2600 humanae
492 2546 564 2600 vocis
578 2543 676 2616 imago,

108 2619 252 2690 psittacus,
273 2629 391 2677 extremo
400 2637 501 2677 munus
512 2621 546 2676 ab
555 2620 736 2679 orbedatum.

65 2693 266 2762 Optimapn'ma
276 2695 332 2751 {ere
339 2696 475 2757 manibus
485 2699 637 2777 rapiuntur
650 2702 747 2759 auaris
755 2719 768 2768 χ

687 2792 746 2848 Μ.
