1868 2962
155 119 204 170 146
344 124 372 168 P.
393 121 704 170 0v1D11N1180N18

97 227 103 234 '
154 223 251 278 Omnia
260 241 288 278 re
298 232 413 279 careant.
443 221 516 278 Nihil
526 232 566 278 est
576 222 718 279 violentius
730 223 786 290 ille,

102 312 138 352 100
190 316 277 371 quum
286 316 349 365 sua,
371 297 552 371 quodnolim,
574 298 769 355 numiuelaesa
778 300 859 356 videt.

154 374 238 428 Testis
247 374 297 429 erit
307 374 451 448 Calydonis
461 391 538 445 aper:
560 392 623 430 nam
633 375 750 441 scimus,
771 385 803 431 ut
812 375 857 431 illu

191 450 226 504 sit
236 467 278 504 me
299 451 321 504 is
333 451 463 505 innatum
474 467 551 504 saeve
562 458 662 521 repertu
677 468 791 522 parens:

155 526 227 580 testis
239 535 264 580 et
275 468 402 591 ffcteeon,
423 525 558 596 quondam
572 524 626 580 iera
636 526 752 581 creditus
762 525 829 595 illie,

192 602 249 672 ipse
259 601 330 656 dedit
341 600 391 656 leto
400 618 462 655 eum
475 601 577 671 quibus
586 609 646 655 ante
655 600 738 658 feres:

102 688 139 729 105
154 694 277 749 quaeque
286 677 400 747 superba
410 693 520 747 parens,
542 693 606 731 sexo
619 693 772 750 percorpus
782 678 883 745 oborto,

95 779 98 785 ·
193 769 266 806 nunc
274 769 383 823 quoque
392 751 535 825 Mygdonia
546 750 642 806 flebilis
652 760 723 807 extet
733 753 829 810 humo.

155 828 201 881 Hei
213 827 289 890 mihi,
311 825 444 900 Cydippe}
466 826 546 880 timeo
556 826 604 880 tibi
613 826 700 882 dicere
709 845 820 899 verum;

193 920 226 956 ne
236 901 327 955 videar
336 919 429 956 caussa
440 900 507 955 falsa
521 918 628 957 monere
639 920 708 959 mee.

155 977 302 1031 Dicendum
314 984 402 1032 temen
416 984 469 1031 est:
490 976 540 1031 hoe
555 984 607 1042 est,
630 977 696 1032 mihi
720 979 813 1046 crede.
833 980 902 1054 qu'od

637 1071 652 1106 a
700 1071 715 1109 a

103 1139 141 1181 110
194 1144 253 1197 1ps0
263 1126 382 1182 nubendi
395 1135 512 1198 tempere
523 1144 601 1198 saepe
611 1071 699 1183 iecgsg.r

156 1201 277 1258 Consulit
289 1203 346 1272 ipse
357 1201 419 1268 tibi,
441 1215 494 1256 neu
504 1202 541 1256 sis
553 1202 660 1274 periura
670 1202 781 1268 iuberet,

194 1284 219 1330 et
227 1276 330 1331 selvam
341 1275 414 1331 selva
425 1285 450 1330 te
459 1277 533 1348 cupit
542 1294 601 1333 esse
610 1278 671 1334 fide.

157 1352 220 1407 Inde
231 1351 274 1418 fir,
295 1360 338 1419 ut,
360 1351 463 1422 quoties
474 1352 585 1407 existere
594 1353 693 1425 perfide
703 1360 800 1422 tentus,

192 1435 330 1499 peecatum
341 1427 416 1482 toties
425 1428 538 1502 corrigat
547 1427 591 1482 ilia
602 1435 691 1484 tuum.

79 1509 83 1515 “
102 1517 141 1558 115
157 1506 235 1558 Parce
245 1520 351 1559 movere
361 1502 429 1558 ieros
439 1504 575 1559 animosae
586 1503 706 1578 Virginis
716 1521 806 1561 arcus.

194 1579 266 1634 Mitis
277 1579 364 1633 adhue
375 1578 446 1644 fieri,
467 1579 491 1632 si
500 1579 615 1652 patiare,
635 1587 731 1651 potest.

156 1657 249 1717 Parce,
270 1671 376 1724 precor,
398 1661 500 1709 teneros
510 1671 679 1726 eorrumpere
688 1653 894 1713 febribusarus

193 1729 317 1784 Servetur
326 1727 405 1783 facies
416 1729 466 1784 iste
477 1728 588 1785 fruenda
598 1729 676 1785 mihi.

156 1806 299 1859 Serventur
308 1803 400 1858 vultus
410 1804 442 1858 ad
455 1812 543 1860 nostra
553 1804 674 1860 incendia
688 1805 757 1861 uati:

102 1893 140 1934 120
193 1881 295 1952 quique
304 1880 395 1935 subest
404 1880 482 1936 niveo
493 1880 560 1936 lenis
569 1878 598 1935 iu
608 1898 653 1936 ore
663 1881 755 1936 rubor.

156 1956 282 2011 Hostibus
292 1955 338 2011 esi
348 1957 425 2028 quis,
448 1973 480 2010 ne
493 1955 540 2010 iias
552 1964 656 2022 nestra,
676 1964 825 2032 repugnet3

193 2031 290 2096 sursit,
312 2038 355 2097 ut,
376 2031 493 2087 invalida
507 2039 546 2097 te,
567 2031 634 2087 solet
642 2033 791 2089 essemihi.

156 2109 290 2179 Torqueor
299 2124 331 2162 ex
341 2124 440 2180 aequo,
461 2107 502 2162 vel
514 2115 539 2162 te
549 2107 678 2173 nubente,
694 2107 743 2162 ‘vei
751 2125 849 2196 segra:

108 2217 112 2224 -
193 2184 279 2238 dicere
290 2199 338 2238 nec
348 2199 475 2255 possum,
497 2178 564 2255 quid
574 2183 666 2238 minus
676 2182 734 2255 ipse
744 2182 840 2242 velun.

103 2269 140 2311 115
156 2261 271 2314 Maceror
282 2258 426 2323 interdum,
441 2259 585 2329 quodsum
597 2259 645 2314 tibi
656 2275 751 2313 caussa
760 2259 888 2317 dolendi:

194 2342 271 2404 teque
283 2351 341 2388 mee
352 2333 420 2387 laedi
430 2332 573 2389 calliditate
581 2341 658 2407 pute.

157 2410 184 2462 ln
197 2418 277 2479 eaput
286 2409 350 2464 haee
359 2415 480 2464 nostrum
489 2408 613 2465 dominae
621 2409 754 2483 periuria,
775 2429 889 2485 quaese,

194 2485 330 2538 eveniant:
351 2501 436 2556 poena
446 2490 503 2538 tute
514 2484 549 2540 sit
559 2484 604 2540 ills
615 2503 683 2540 mee.

148 2559 188 2613 Ne
199 2567 290 2617 tamen
301 2560 440 2636 ignorem,
460 2558 531 2633 quiri
572 2578 615 2626 es,
631 2559 874 2623 uuiiuriueerebm

79 2644 123 2688 130
178 2639 288 2695 anxius
299 2637 356 2695 huo
367 2637 436 2694 illue
443 2635 572 2694 (iissimu
580 2642 654 2690 euier
664 2650 708 2687 eu.
