1868 2962
64 114 230 168 Auoauru
248 120 319 165 una.
339 121 382 167 111.
401 122 457 167 uu.
480 121 503 168 a.
616 106 664 170 {87

113 320 355 377 ELEGIA
401 323 464 378 111.

37 460 71 509 rs,
92 442 114 508 i,
133 441 224 498 crede!
254 440 347 497 Fidem
358 442 557 501 iuratafefellit:

38 517 132 584 esilli‚
152 534 222 590 quae
232 515 284 572 fuit
293 524 367 583 aule,
389 527 487 575 manet.

37 611 108 668 rugos
117 593 212 648 hahuit
221 592 341 649 nondum
354 593 462 665 periura
471 595 589 668 capillos,

37 686 125 743 rugos,
145 676 288 740 postquam
299 668 411 724 numina
422 668 512 736 laesit,
533 672 620 728 habet.

48 744 189 800 candorem
202 760 276 799 roseo
285 743 387 800 suffusa
397 746 494 801 rubore
706 763 717 805 5

37 820 91 876 uit:
112 819 190 875 niveo
201 818 270 874 lucet
283 819 310 873 in
320 837 365 874 ore
375 820 466 875 rubor.

43 895 173 969 exiguus:
193 893 269 966 pedis
279 902 319 948 est
329 895 467 967 aptissima
475 895 570 952 forma.

37 969 206 1042 rdeoensque
215 967 279 1024 fuit:
302 967 381 1044 longa
390 970 541 1045 decensque
550 982 649 1029 manet.

42 1045 145 1110 habuit,
167 1045 271 1100 radiant
279 1053 309 1099 ut
321 1045 407 1110 sidus,
428 1046 532 1112 ocellos,

37 1138 79 1176 ros
88 1120 198 1176 mentita
209 1127 249 1174 est
257 1120 357 1191 perfida
370 1138 447 1192 saepe
456 1122 534 1177 mihi.
693 1137 717 1180 ιο

37 1196 129 1251 reterni
139 1194 238 1250 falsum
248 1196 336 1250 iurare
348 1195 445 1266 puellis
550 1265 551 1268 Ἰ

37 1289 102 1344 oque
112 1270 273 1338 concedunt3
294 1269 432 1344 formaque
441 1290 541 1328 numen
552 1274 639 1331 habet.

37 1364 95 1402 ruos
105 1345 179 1401 illam
190 1364 275 1418 nuper
285 1345 387 1402 iurasse
398 1348 527 1406 recordor.

37 1440 55 1476 e
64 1439 137 1478 meos
150 1420 255 1489 oeulos;
277 1429 303 1476 et
312 1421 419 1476 doluere
428 1423 488 1477 mei.
683 1477 685 1481 Α

37 1497 69 1563 li,
92 1497 116 1552 si
127 1515 174 1552 vos
188 1497 298 1568 impune
309 1495 429 1551 fefellerit
439 1497 494 1564 illa,
691 1511 716 1552 15

37 1590 63 1627 rs
73 1572 161 1628 meriti
171 1589 220 1627 our
230 1589 278 1645 ego
287 1571 385 1626 damna
395 1570 464 1626 tuli‘?

38 1648 144 1703 uvidiae
153 1648 230 1703 vobis
242 1647 356 1718 Cepheia
366 1647 442 1722 virgo
453 1654 501 1713 est,
575 1698 584 1715 ,

37 1723 81 1779 rale
91 1722 205 1779 formosa
216 1723 289 1778 iussa
298 1730 407 1796 parente
417 1723 495 1779 mori.

37 1807 109 1864 sest,
131 1798 203 1870 quod
214 1817 261 1854 vos
272 1799 354 1853 habui
367 1799 425 1854 siue
435 1799 550 1870 pondere
560 1807 647 1865 testes,

37 1893 94 1932 rum
105 1874 188 1930 laesos
198 1874 266 1929 ridet
275 1873 360 1930 inulta
369 1874 447 1931 deos:
691 1888 716 1930 πο

37 1969 62 2008 er
71 1958 189 2007 nostram
200 1949 313 2005 redimat
322 1949 439 2021 periuria
448 1968 571 2022 poenam,

37 2044 62 2082 ra
70 2026 195 2098 deeeptus
205 2024 361 2097 decipientis
372 2023 434 2080 ero‘l

37 2120 76 2157 ¹re
85 2101 151 2157 deus
160 2111 200 2157 est
210 2119 322 2166 nomen,
344 2098 495 2174 frustraque
506 2101 623 2167 timetur,

37 2177 68 2232 lta
77 2177 190 2249 populos
200 2175 353 2232 credulitate
363 2185 464 2233 movet:

37 2253 92 2326 puis
101 2252 167 2308 deus
178 2261 226 2318 est,
247 2261 349 2306 teneras
359 2260 430 2308 amat
439 2251 483 2307 ille
492 2250 605 2324 puellas,
690 2262 716 2305 25

37 2328 105 2385 rium
117 2328 187 2383 solas
197 2328 287 2383 omnia
297 2344 375 2399 posse
385 2327 467 2383 iubet.

37 2403 113 2459 tifero
121 2404 226 2460 Mavors
237 2403 384 2477 accingitur
394 2420 471 2458 ense:

37 2480 78 2534 elit
90 2479 188 2534 invicta
202 2477 316 2533 Palladis
327 2478 401 2532 hasta
415 2494 508 2532 manu.

37 2554 139 2609 rribiles
152 2561 298 2609 curvantur
306 2552 438 2625 Apollinis
448 2568 540 2605 arcus:
656 2597 660 2606 .

37 2629 105 2684 ralla
113 2629 185 2687 loris
195 2629 303 2688 dextera
312 2628 422 2690 fulmen
431 2627 528 2686 habel.
705 2633 740 2674 lu
