1868 2962
139 126 171 176 66
329 127 357 172 P.
378 124 505 172 0v1D11
523 125 690 172 NASONIS
721 123 725 132 '

176 238 205 284 ut
216 227 281 284 solet
290 225 384 282 adfuso
394 243 503 301 surgere
512 224 619 281 flamma
629 240 712 293 mero.

84 318 123 360 115»
138 303 251 372 Quando
260 320 317 376 ego,
332 309 358 356 11
367 301 491 357 reducem
501 299 607 372 cupidis
617 299 741 372 amplexa
751 299 864 367 lacertis,

176 377 303 452 languida
312 376 409 433 laetitia
419 376 508 432 solvar
521 376 554 431 ab
565 376 623 447 ipsa
634 374 710 430 mea?

139 453 247 526 quando
255 452 313 520 erit,
327 458 358 508 ut
368 451 433 508 lecto
443 451 626 506 mecumbene
635 450 743 505 iunctus
753 450 783 506 iu
793 468 847 507 uno

129 572 132 577 .
177 527 287 582 militiae
296 526 393 582 referas
403 526 542 598 splendida
552 525 617 581 facta
628 524 706 583 tuae?

139 606 211 671 Quae
221 603 288 657 mihi
298 602 363 658 dum
373 601 478 668 referes,
493 601 619 674 quamvis
630 601 722 656 audire
732 601 845 667 iuvabit,

85 690 124 733 120
176 678 260 734 multa
271 676 455 749 tamencapies
465 675 565 742 oscula,
579 675 663 731 multa
673 675 760 730 (labis.

90 809 94 817 ,
140 754 248 825 Semper
258 753 287 808 in
297 753 341 808 his
355 763 414 824 apte
423 752 556 808 narrantis
567 752 648 806 verba
658 752 796 806 resistunt.

176 829 305 883 Promtior
314 835 355 883 est
363 827 435 884 dulci
445 827 537 902 lingua
548 834 646 883 retenta
656 844 740 883 mora.

140 902 451 976 SedquumTroiasubit,
466 900 880 975 subeuntventiquefretumque,

178 996 239 1050 spes
247 978 317 1033 bona
326 976 438 1033 sollicito
447 979 516 1033 victa
525 978 619 1033 timore
628 977 707 1032 uadit.
926 982 928 987 '

87 1064 125 1107 125
139 1055 193 1109 Hoc
203 1069 320 1126 quoque,
334 1053 407 1126 quod
417 1053 489 1109 venti
501 1053 643 1125 prohibent
652 1053 724 1108 exire
733 1052 847 1119 carinas,

179 1147 221 1183 me
230 1136 331 1184 movet:
352 1127 443 1183 invitis
456 1128 602 1200 imparatis
612 1128 701 1200 aquis.

142 1204 208 1270 Quis
219 1203 282 1258 velit
293 1203 322 1259 in
332 1204 445 1275 patriam
457 1211 535 1259 vento
544 1204 700 1276 prohibente
710 1201 825 1258 reverti?
911 1241 913 1246 ι

179 1280 287 1351 apatria
296 1278 390 1353 pelago
402 1278 461 1333 vola
470 1286 573 1335 vetante
583 1279 661 1334 datis.

142 1357 202 1427 lpse
211 1371 288 1410 suam
299 1371 351 1410 uon
362 1354 470 1426 praebet
479 1354 527 1408 iter
536 1356 678 1426 Neptunus
688 1353 722 1408 ad
730 1352 836 1408 urbem.

88 1440 127 1483 130
179 1428 346 1497 Quoruitis‘?
383 1430 488 1485 Vestras
499 1430 616 1503 quisque
626 1429 707 1485 redite
716 1428 820 1484 domos.

143 1506 202 1573 Quo
212 1506 299 1572 ruitis,
314 1504 417 1561 Danai?
434 1506 533 1562 Ventos
546 1506 635 1561 audite
645 1511 774 1561 vetantes.

180 1584 239 1638 Non
249 1582 332 1637 subiti
341 1599 433 1648 casus,
448 1580 570 1637 numinis
583 1581 633 1635 ista
643 1597 717 1635 mora
727 1586 776 1635 est.

144 1656 215 1723 Quid
227 1658 326 1729 petitur
334 1664 415 1722 tanto,
431 1657 484 1712 nisi
495 1657 581 1729 turpis
592 1656 720 1721 adultera,
733 1653 822 1710 bello?

181 1735 251 1787 Dum
261 1732 330 1797 licet,
344 1732 465 1786 Inachiae
477 1734 569 1786 vertitu
578 1731 636 1789 vela
647 1739 726 1786 rates.

91 1817 129 1859 135
144 1808 195 1861 Sed
205 1807 272 1879 quid
282 1825 330 1882 ego
340 1824 432 1862 revoco
442 1807 524 1862 haec?
542 1807 627 1863 Omen
635 1806 782 1862 revocantis
789 1806 887 1872 abesto,

181 1881 333 1954 blandaque
342 1883 501 1954 compositus
511 1901 575 1938 aura
585 1883 712 1938 secundet
720 1899 817 1953 aquae.

146 1957 256 2013 Troasin
267 1958 383 2023 invideo,
404 1977 473 2030 quae
482 1960 521 2014 sic
530 1959 669 2013 lacrimosa
679 1975 790 2013 suorum

183 2032 276 2089 funera
285 2033 461 2105 conspicieut3
478 2033 626 2106 necprocul
641 2033 724 2090 hostis
737 2030 796 2086 erit.
822 2059 824 2062 >

145 2111 205 2180 Ipsa
215 2108 272 2162 suis
283 2109 409 2164 manibus
419 2108 478 2164 forti
492 2127 560 2164 nova
573 2116 656 2181 nupta
668 2108 762 2162 marito

93 2191 131 2237 111)
184 2185 301 2256 imponet
309 2183 423 2257 galeam,
437 2185 603 2256 barbaraque
613 2201 687 2238 arma
697 2182 779 2237 dabit.

146 2259 227 2314 Arma
237 2258 322 2323 dabit,
337 2259 457 2332 dumque
467 2277 540 2314 arma
549 2259 637 2326 dabit,
652 2257 734 2313 simul
744 2255 836 2312 oscula
846 2273 889 2311 su·

631 2341 697 2403 met3

35 2477 41 2488 ο
185 2411 235 2465 hoc
244 2428 329 2484 genus
340 2407 420 2465 officii
429 2408 507 2465 dulce
519 2409 626 2465 duobus
635 2410 697 2465 erit:

148 2486 327 2558 producetque
336 2485 435 2563 virum,
451 2485 525 2541 dabit
534 2494 559 2539 et
569 2486 692 2541 mandata
702 2483 810 2538 reverti:

187 2569 211 2615 et
220 2561 297 2628 dicet,
312 2560 418 2616 Referas
428 2562 488 2627 is'ta,
504 2559 569 2626 face,
584 2579 656 2615 arma
666 2559 732 2615 Iovi.

85 2644 132 2690 m
146 2636 201 2699 Ille,
217 2636 306 2694 ferens
315 2637 441 2698 dominae
452 2636 578 2695 mandatu
587 2637 818 2694 reoeuu'xuseuuux„
842 2642 846 2648 ·
