1868 2962
265 94 472 162 ennomus.
500 117 555 162 ur.
570 115 614 163 ιν.
783 113 814 164 45

102 219 245 290 Pergama;
266 215 405 271 materiam
414 215 627 273 caedisabhoste
635 223 703 289 pete.

65 295 107 348 Me
117 290 208 357 modo,
220 290 277 346 sive
287 308 365 363 paras
375 290 510 361 impellere
519 291 618 367 remige
626 291 749 359 classem,

103 367 162 423 sive
171 384 275 434 manes,
286 367 389 421 domini
398 384 471 422 more
481 367 571 420 venire
581 367 652 420 iube.

290 633 548 691 EPISTOLA
590 635 647 688 lv.

228 762 425 812 Pu'auuua
453 769 703 814 ulPPoLYTc.

68 886 145 962 Qua,
158 894 212 949 nisi
220 899 250 948 tu
263 893 376 960 dederis,
388 893 501 948 caritura
511 901 551 948 est
559 894 627 966 ipsa,
638 894 751 952 salutem

105 971 188 1025 mittit
196 968 341 1025 Amazonio
351 969 445 1025 Cressa
454 968 543 1040 puella
553 970 619 1025 viro.

68 1045 176 1120 Perlege
191 1046 381 1117 quodcumque
394 1051 447 1099 est:
468 1043 534 1116 quid
554 1045 663 1117 epistola
682 1046 747 1102 lecta
768 1066 814 1103 nc

602 1120 687 1174 cebitl

105 1197 265 1268 Tequoque‚
272 1194 301 1249 in
311 1193 360 1249 hac
365 1192 477 1266 aliquid,
484 1193 557 1266 quod
565 1194 647 1260 iuvet,
654 1214 712 1252 esse
718 1205 811 1268 potest.

69 1273 115 1328 His
127 1288 222 1326 arcana
233 1270 301 1326 notis
311 1277 379 1324 terra
389 1268 536 1344 pelagoque
545 1268 671 1327 feruntur.
857 1286 868 1326 5

106 1346 219 1418 Inspicit
227 1354 345 1418 acceptas
355 1345 439 1400 hostis
450 1345 483 1401 ab
497 1346 572 1402 hoste
581 1353 666 1401 notas.

69 1425 119 1478 Ter
130 1431 218 1477 tecum
228 1429 320 1478 conata
334 1420 417 1492 loqui,
431 1429 470 1474 ter
480 1420 583 1476 inutilis
593 1421 676 1475 haesit

109 1498 211 1571 lingua,
223 1504 262 1551 ter
271 1497 300 1551 in
311 1496 397 1568 primo
407 1495 508 1550 destitit
517 1512 561 1551 ore
570 1512 663 1550 sonus.

70 1573 129 1640 Qua
142 1572 201 1627 licet
211 1579 237 1626 et
245 1572 376 1644 sequitur,
387 1571 474 1642 pudor
480 1577 522 1624 est
531 1570 684 1625 miscendus
696 1572 788 1631 amori.

107 1648 200 1703 Dicere
208 1664 277 1720 quas
287 1646 392 1718 puduit,
407 1647 522 1700 scribere
532 1646 611 1700 iussit
619 1645 701 1702 Amor
844 1659 868 1700 to

71 1722 211 1795 Quidquid
221 1724 302 1777 Amor
312 1722 399 1786 iussit,
412 1740 465 1777 nou
475 1730 515 1776 est
526 1730 692 1777 contemnere
702 1730 798 1777 tutum.

107 1800 219 1872 Regnat,
230 1805 256 1852 et
265 1798 293 1852 in
305 1796 427 1852 dominos
438 1799 480 1852 ius
491 1797 570 1852 habet
578 1796 623 1852 ille
633 1797 704 1852 deos.

71 1874 118 1929 Ille
127 1874 196 1928 mihi
205 1873 293 1944 primo
302 1872 434 1927 dubitanti
446 1873 570 1938 scribere,
580 1871 657 1938 dixit,

107 1949 213 2017 Scribe;
233 1947 307 2002 dabit
316 1948 399 2003 victas
410 1943 510 2002 ferreus
520 1947 565 2003 ille
579 1965 686 2003 manus.

70 2024 157 2090 Adsit,
169 2031 204 2089 et,
218 2031 248 2078 ut
258 2030 360 2079 nostras
371 2021 448 2078 avido
458 2021 528 2079 fovet
536 2023 598 2097 igne
608 2022 747 2086 medullas,
845 2033 869 2074 15

109 2100 174 2174 figat
183 2100 222 2153 sie
231 2099 334 2153 animos
344 2099 373 2153 in
383 2115 442 2152 mea
451 2106 511 2154 vota
521 2106 590 2154 tuos.

71 2177 131 2231 Non
141 2192 189 2248 ego
201 2174 318 2245 nequitia
329 2172 435 2228 socialia
445 2172 547 2228 foedera
556 2192 690 2246 rumpam.

109 2251 202 2314 Fama,
212 2249 294 2304 velim
304 2265 426 2320 quaeras,
437 2249 548 2303 erimine
558 2257 646 2305 nostra
656 2254 740 2302 vacat.

71 2326 151 2381 Venit
161 2324 243 2380 Amor
251 2324 371 2398 gravius,
383 2340 437 2395 quo
446 2325 542 2379 serius.
562 2325 671 2379 Urimur
680 2323 763 2385 intus,

109 2401 225 2465 urimur,
237 2407 263 2454 et
271 2415 378 2454 caecum
388 2407 491 2470 pectora
501 2399 601 2454 vulnus
611 2398 718 2452 habent.
845 2405 857 2447 2

72 2475 177 2531 Scilicet
185 2482 215 2530 ut
224 2483 327 2530 teneros
337 2472 445 2528 laedunt
454 2475 516 2547 iuga
526 2475 613 2546 prima
622 2474 759 2536 iuvencos„

110 2551 238 2623 frenaque
248 2550 293 2605 vix
300 2549 403 2622 patitur
412 2549 444 2606 de
453 2567 537 2630 grege
549 2557 648 2626 captus
656 2566 766 2624 equus.

66 2625 182 2679 siomals
193 2626 291 2700 risque
298 2627 377 2685 subit
385 2629 497 2705 primos
506 2631 580 2690 rude
589 2635 693 2708 pectus
702 2638 836 2689 amores„
