1868 2962
210 173 373 221 AMORUM
391 173 460 221 LIB.
480 175 524 222 111.
544 176 600 221 EL⁴
623 176 648 220 9.
751 169 796 222 20⁴

91 272 229 340 sollicitor,
250 274 339 331 nullos
348 292 406 330 esse
414 283 508 348 putare
516 275 588 331 deos.

53 348 208 420 Vivepius;
230 350 342 405 moriere
352 350 424 422 pius.
455 350 615 418 Coleseera3
636 349 763 406 colentem

91 440 166 479 mors
207 425 265 479 avis
275 442 290 479 a
300 425 406 497 templis
417 426 446 481 in
455 443 520 481 cava
530 426 607 480 busta
619 426 711 481 trahet.

52 498 175 554 Carmini
196 517 229 554 us
238 500 341 556 confide
350 501 442 569 bonis;
463 501 529 555 iacet
541 517 600 555 ecce
613 499 745 557 Tibullus.

91 574 147 630 Vix
156 582 344 641 manetetoto,
365 592 446 647 parva
457 575 530 649 quod
539 593 606 630 urna
616 575 695 646 capit.
832 585 857 631 tt

52 651 136 715 Tene.
157 659 325 716 nostrates,
343 649 464 706 flammae
476 668 586 723 rapuere
596 649 716 724 rogales?

92 724 247 796 pectoribus
258 726 331 797 pasci
343 742 390 780 uec
399 726 511 781 timuere
519 725 593 780 tuis‘l

54 799 145 855 Aurea
154 807 307 856 sauctorum
317 802 466 872 potuissent
476 800 573 873 templa
582 801 692 856 deorum

64 922 68 927 .
94 890 182 941 urere,
203 892 273 947 quae
282 882 385 930 tontum
397 877 548 931 sustinuere
558 875 641 931 nelos.

55 949 160 1006 Avertit
168 950 271 1016 vultus,
291 951 386 1025 Erycis
395 970 466 1024 quae
477 951 594 1023 possidet
602 969 685 1006 arces.
832 960 857 1005 45

93 1024 164 1080 Sunt
172 1042 290 1099 quoque,
311 1026 360 1099 qui
371 1026 494 1082 lacrimas
502 1026 665 1083 continuisse
674 1033 780 1100 negant.

54 1100 108 1156 Sed
118 1108 206 1156 tamen
218 1101 268 1157 hoo
277 1101 384 1167 melius,
405 1119 488 1174 quam
500 1102 524 1156 si
534 1101 658 1156 Phaeacia
667 1100 746 1156 tellus

94 1176 218 1250 ignotum
228 1175 276 1232 vili
285 1177 471 1248 supposuisset
480 1177 573 1233 humo.

54 1251 105 1306 llio
114 1258 185 1306 certo
194 1251 320 1307 monibus
330 1251 457 1326 fugientis
467 1252 563 1324 pressit
574 1250 670 1307 ocellos

94 1333 194 1393 mater,
215 1334 240 1381 et
250 1327 277 1382 in
288 1327 389 1382 cineres
398 1327 493 1383 ultima
506 1327 575 1384 dona
586 1327 655 1382 tulit.
834 1339 858 1380 so

54 1402 105 1457 llio
114 1419 190 1457 soror
199 1401 228 1457 in
237 1411 339 1473 portem
349 1403 445 1458 misera
455 1421 517 1458 cum
527 1410 610 1457 matre
618 1401 716 1458 doloris

94 1477 178 1543 veuit,
199 1477 333 1533 inornatas
345 1477 471 1533 dilaniata
481 1495 585 1533 eomes:

53 1569 175 1624 cumque
184 1553 238 1607 tuis
247 1571 297 1608 sua
307 1554 453 1609 iunxerunt
465 1553 641 1623 Nemesisque
653 1551 779 1622 priorque

94 1626 201 1683 osculo:
223 1645 271 1683 nee
280 1627 350 1684 solos
361 1630 503 1684 destituere
513 1645 601 1703 rogos.

53 1702 131 1758 Delia
141 1701 288 1768 discedens,
310 1703 436 1770 Felicius,
457 1705 556 1777 inquit,
578 1710 665 1759 amata
835 1713 859 1753 55

93 1795 157 1833 sum
167 1777 229 1833 tibi:
252 1778 355 1845 vixisti,
376 1780 441 1835 dum
451 1789 515 1836 tuus
529 1780 601 1854 iguis
611 1795 693 1833 eram.

54 1853 107 1910 Cui
117 1852 254 1920 Nemesis,
275 1853 356 1921 Quid,
377 1857 427 1920 eit,
448 1856 496 1911 tibi
507 1864 571 1910 sunt
581 1871 640 1908 meo
645 1853 748 1981 {lamna
758 1851 805 1905 do-

592 1929 641 1985 lori

93 2005 136 2059 Me
146 2004 231 2060 tenuit
241 2004 357 2060 moriens
370 2004 506 2060 deficiente
516 2022 609 2059 mauu.

55 2078 84 2134 Si
95 2086 184 2134 tamen
195 2097 210 2134 c
221 2081 297 2136 nobis
306 2080 420 2153 aliquid,
443 2079 494 2134 nisi
505 2097 601 2135 nomen
614 2085 639 2133 et
648 2078 754 2140 umbra,

93 2163 183 2219 restet.
205 2155 333 2230 inElysia
344 2156 412 2211 velle
422 2154 546 2210 Tibullus
556 2155 614 2210 erit.
835 2161 859 2201 to

55 2228 163 2284 Obvius
173 2230 237 2286 huie
247 2231 348 2297 venies,
369 2230 464 2286 hedera
476 2230 603 2286 iuvenilia
612 2229 716 2283 cinctus

93 2313 222 2376 temporo,
238 2323 301 2361 cum
311 2305 401 2370 Calvo,
422 2306 497 2362 docte
506 2305 617 2369 Catulle,
633 2313 692 2357 tuo:

56 2389 85 2434 tu
96 2397 215 2452 quoque,
237 2380 260 2434 si
274 2380 372 2436 falsum
381 2389 421 2435 est
431 2382 548 2437 temerati
558 2381 660 2436 crimen
671 2374 759 2437 amici,

94 2454 238 2530 sanguinis
248 2464 327 2527 atque
339 2457 443 2511 animae
453 2457 562 2530 prodige
572 2452 647 2510 Galle
658 2461 727 2504 tuae.

55 2530 105 2586 His
118 2547 207 2586 eomes
218 2531 315 2586 umbra
326 2539 435 2595 tuaest,
455 2532 479 2586 si
489 2549 543 2602 quo
553 2536 593 2583 est
602 2525 679 2656 mogo
688 2525 805 2596 corporis

594 2617 647 2657 uui
663 2617 706 2656 ru.
842 2609 874 2647 ils

90 2679 350 2753 supellectitem,
372 2679 447 2743 culte
457 2679 590 2753 Tibulle,
609 2679 690 2757 pios.
