1868 2962
145 160 192 211 160
332 163 363 208 Ρ.
385 162 513 210 OVIDII
529 164 700 211 Nasoms

178 262 269 320 oscula
279 265 394 320 cantanti
404 274 478 338 rapta
488 264 594 320 dedisse
606 264 700 321 velim.

142 342 211 395 Haec
220 339 347 413 querulae
358 341 439 396 habili
450 349 580 413 pertentat
590 339 685 412 pollice
695 341 827 413 chordas;

179 425 234 471 tam
243 415 333 471 doctas
343 417 406 489 quis
417 435 470 472 non
481 417 565 488 possit
576 434 666 472 amare
674 417 796 473 manus?

142 492 189 547 ilia
199 492 283 563 placet
292 502 383 567 gestu,
405 510 601 565 numerosaque
613 492 724 548 brachia
735 492 820 560 ducit,

89 582 113 624 au
180 577 335 624 ettenorum
347 567 421 623 molli
433 575 537 640 torquet
547 568 581 623 ab
591 576 647 623 arte
657 566 743 626 latua:

143 655 173 699 ut
184 653 283 699 taceam
293 644 326 699 de
336 661 392 710 me,
413 644 460 715 qui
472 661 566 699 caussa
576 651 670 717 tangor
679 645 715 699 ab
724 645 816 717 omni;

181 719 237 775 illic
249 718 423 794 Hippolytum
434 737 516 791 pone,
539 719 651 791 Priapus
661 720 720 775 erit

144 798 198 862 Tu,
219 796 348 868 quintam
360 794 490 869 tongues,
512 803 613 850 veteres
623 795 752 852 Heroides
765 814 874 870 aequas.

181 882 206 925 et
215 879 288 943 potes
298 871 326 925 in
337 877 390 926 toto
400 870 485 927 muita
498 871 581 926 iucem
591 878 657 926 toro.

89 961 114 1002 35
143 949 211 1002 Haec
222 945 319 1000 habilis
330 945 458 1001 brevitate
468 964 516 1001 sua
525 954 578 1002 est:
599 963 759 1020 corrumpor
771 958 882 1022 utraque

182 1021 353 1077 Conveniunt
362 1029 423 1078 voto
433 1021 511 1096 longa
522 1021 666 1094 breviaque
676 1040 747 1079 meo.

143 1096 344 1167 Nonestculta3
365 1097 439 1153 subit
447 1096 514 1169 quid
524 1096 610 1153 cultae
619 1096 743 1154 accedere
751 1100 848 1172 possit.

182 1173 279 1229 Ornata
292 1182 346 1242 est3
366 1172 440 1229 dotas
450 1172 612 1229 exhibetilla
622 1191 697 1229 suas,

144 1248 262 1305 Candida
273 1266 316 1306 ma
325 1251 423 1320 capiet,
444 1249 530 1321 capiet
540 1268 582 1305 me
591 1247 659 1305 flava
669 1248 775 1322 puella:

90 1334 115 1380 tu
182 1333 222 1379 est
233 1324 312 1379 etiam
323 1323 399 1380 fusco
407 1332 481 1398 grata
490 1324 577 1381 colore
586 1325 686 1380 Venus.

144 1401 196 1456 Seu
207 1400 323 1472 pendent
331 1400 410 1457 nivea
419 1399 488 1472 puili
498 1402 600 1456 cervice
608 1399 715 1473 capilii:

182 1477 251 1533 Leda
262 1477 313 1534 fuit
322 1477 350 1534 ni
370 1496 398 1532 ra
408 1477 594 1550 conspicienda
604 1494 689 1532 corna.

144 1553 316 1620 Sentianum,
338 1496 439 1627 piacuit
447 1554 546 1610 croceis
556 1553 658 1610 Aurora
670 1550 787 1624 capillis.
813 1616 818 1627 Ι

181 1630 316 1685 Omnibus
326 1629 445 1685 historiis
455 1647 484 1684 se
494 1647 571 1685 meus
584 1636 655 1700 aptat
664 1645 750 1684 amor.

90 1712 114 1758 tn
144 1707 185 1759 Mo
195 1723 264 1760 nova
274 1703 411 1770 sollicitat,
433 1722 476 1759 me
489 1707 574 1780 tangit
583 1705 665 1760 serior
675 1711 758 1759 aetas.

182 1782 250 1833 Haec
261 1777 354 1833 melior
367 1779 467 1851 specie3
489 1782 610 1836 moribus
620 1779 664 1834 illa
675 1779 772 1851 piaret.

144 1855 263 1926 Denique
272 1872 341 1928 quas
352 1862 403 1910 tota
414 1855 559 1928 quisquam
571 1856 664 1926 probat
672 1855 741 1909 urbe
752 1858 867 1929 puellas,

181 1939 267 1984 noster
277 1932 305 1986 in
315 1931 364 1986 has
373 1948 467 1986 omnes
477 1931 635 1986 ambitiosus
645 1948 730 1986 arnor.

351 2098 594 2156 ELEGIA
639 2102 678 2155 V.

142 2212 173 2277 N
175 2221 247 2277 ullus
258 2238 332 2277 amor
340 2222 405 2275 tanti
416 2228 469 2288 est,
485 2219 587 2295 (abeas,
606 2221 756 2294 pharetrate
766 2223 872 2296 Cupido
878 2224 895 2299 ς)

181 2307 211 2354 ut
221 2298 288 2353 mihi
299 2297 354 2352 sint
363 2297 439 2352 toties
450 2298 568 2352 maxima
578 2306 638 2354 vota
648 2298 726 2352 mori.

143 2376 206 2428 Vota
222 2374 290 2430 mori
301 2381 446 2440 mensum,
467 2391 554 2445 quum
565 2381 590 2429 te
599 2390 722 2446 peccasse
732 2375 867 2442 recordor,

181 2450 223 2504 hei
235 2450 302 2504 mihi
312 2456 472 2522 perpetuum
483 2457 543 2504 nata
554 2449 642 2521 puella
652 2447 770 2503 malum!

57 2562 58 2566 η
90 2537 100 2578 5
143 2526 202 2579 Non
216 2525 283 2579 mihi
294 2525 394 2581 delatae
405 2524 509 2579 nudant
518 2532 564 2579 tua
573 2525 638 2581 facta
649 2523 776 2581 tabellae:

174 2618 230 2658 non
242 2600 303 2659 data
314 2600 415 2662 furtive
423 2618 540 2660 munera
548 2601 652 2657 crimen
657 2600 770 2654 habent.

124 2676 166 2735 O!
186 2680 297 2741 utinam
310 2701 461 2766 arguerem
472 2681 528 2753 sic,
548 2687 585 2737 ut
592 2676 903 2742 nourinoeremssem.
