1874 3030
189 168 238 224 ttss
380 175 409 221 P.
430 175 559 222 ovtmt
576 174 746 221 NASONIS

225 274 305 332 iussit
314 282 340 331 et
349 277 377 333 in
387 277 481 333 castris
491 295 550 332 aera
560 293 661 331 merere
670 274 738 330 suis.

134 362 158 407 tt
187 352 251 407 lude
260 352 334 407 vides
345 351 470 427 vigilem,
492 361 674 429 necturnaque
683 349 752 406 bella
761 360 849 424 gerent

166 444 170 455 ·
224 426 277 494 Qui
287 445 341 484 nou
351 428 410 484 vult
419 428 477 484 fieri
486 427 651 494 desidiosus,
671 432 752 481 amet.

392 596 641 654 ELEGIA
686 596 731 651 X.

190 708 289 785 Qualis
299 719 333 774 ab
341 719 439 774 Eurota
450 717 576 792 Phrygiis
588 725 677 773 avecta
687 714 787 771 carinis

124 836 127 843 .
226 793 388 867 coniugibus
397 792 564 849 belli-caussa
574 792 680 849 duobus
690 798 760 847 erat:

190 869 279 942 qualis
288 876 344 924 erat
353 869 437 935 Lede,
458 886 539 941 quam
550 866 652 940 plumis
662 867 770 922 abditus
784 866 849 923 albia

226 943 339 999 callidus
350 945 378 999 iu
389 943 454 999 falsa
466 944 530 999 lusit
539 943 643 999 adulter
651 960 716 998 ave:

135 1033 147 1075 t
189 1019 278 1092 qualis
288 1019 438 1094 Amymone
447 1019 524 1074 siecis
535 1020 638 1075 errabat
647 1019 675 1072 in
686 1018 768 1091 agris,

226 1112 312 1167 quum
323 1103 453 1167 premeret
462 1095 563 1150 summi
573 1095 679 1149 verticis
688 1110 756 1148 urna
766 1108 849 1148 eomas

190 1169 250 1225 talis
269 1188 342 1241 eras;
362 1170 535 1244 aquilamque
552 1171 581 1225 in
600 1178 626 1225 te
644 1177 807 1299 taqarumque
825 1169 849 1222 ti*

707 1262 745 1309 m,

227 1329 253 1375 et
262 1319 396 1393 quidquid
408 1337 506 1394 magno
516 1319 549 1374 de
562 1320 623 1375 Iove
634 1318 694 1374 feeit
701 1319 795 1374 Amor.

191 1396 268 1452 Nune
278 1395 454 1451 timoromnis
464 1395 553 1460 abest,
574 1395 712 1468 animique
726 1393 849 1451 euanuit⁴

138 1484 163 1526 tu
229 1489 277 1526 nee
288 1470 368 1527 facies
377 1470 469 1527 oeulos
478 1471 532 1527 iam
543 1472 614 1543 capit
622 1471 673 1526 ista
683 1487 768 1527 meos.

191 1546 246 1602 Cur
256 1547 308 1602 sim
318 1554 452 1612 mutatus,
473 1545 601 1619 quaeris?
627 1545 818 1613 Quiamunera
828 1564 850 1619 p

228 1623 297 1677 Haec
306 1631 332 1678 te
342 1640 395 1678 non
406 1624 506 1694 patitur
514 1639 609 1677 caussa
622 1621 725 1694 plaeere
734 1620 814 1677 mihi.

192 1699 279 1752 Donec
292 1715 350 1752 eras
360 1697 489 1768 simplex,
511 1697 633 1753 animum
644 1715 706 1753 cum
716 1714 849 1769 corporea

231 1789 302 1827 nunc
311 1773 408 1827 mentis
418 1774 483 1829 vitio
494 1771 562 1827 laesa
572 1774 658 1848 figura
671 1782 717 1829 tua
730 1781 780 1829 est.

138 1860 163 1903 15
191 1849 226 1902 Et
234 1865 300 1919 puer
310 1855 349 1903 est
358 1857 383 1903 et
392 1849 482 1904 nudus
492 1847 584 1904 Amor.
613 1849 677 1904 Sine
685 1848 811 1905 serdibus
823 1866 849 1903 ar

212 1981 214 1983 .
229 1932 254 1976 et
264 1923 352 1979 nulla
363 1931 464 1989 vestes,
486 1933 517 1979 ut
526 1932 561 1978 sat
570 1934 693 1997 apertus,
714 1924 804 1980 habet.

192 1997 263 2065 Quid
275 2016 387 2072 puerum
398 2000 507 2056 Veneris
516 2001 601 2073 pretio
609 2011 728 2073 prostare
738 2000 849 2055 iubetis}

229 2073 288 2141 Quo
301 2075 415 2147 pretium
424 2076 533 2142 condat,
555 2093 608 2131 non
618 2075 752 2132 habetille
762 2076 849 2131 sinum

192 2151 246 2204 Nec
255 2151 346 2206 Venus
358 2159 418 2221 apta
431 2150 509 2219 feris,
530 2152 641 2207 Veneris
652 2169 700 2207 nee
709 2151 799 2212 filius.
821 2169 849 2206 ar

139 2238 164 2279 tu
231 2243 284 2280 nou
294 2225 368 2280 decet
377 2226 498 2282 imbelles
508 2245 567 2282 aera
578 2245 678 2282 merere
687 2227 761 2282 deos.

194 2299 249 2356 Stat
259 2301 384 2356 meretrix
393 2310 464 2357 oerto
473 2304 560 2357 cuivis
569 2302 720 2358 mercabilis
731 2318 805 2370 aere;

231 2387 256 2431 et
265 2377 376 2432 miseras
386 2376 461 2432 iusso
469 2395 578 2450 corpore
587 2378 691 2450 quaerit
699 2394 774 2449 opes.

194 2451 308 2508 Devovet
317 2452 460 2524 imperium
470 2460 558 2508 tamen
569 2454 633 2509 haee
644 2453 746 2508 lenonis
759 2458 849 2510 avari:

232 2535 271 2592 et,
292 2528 365 2600 quod
375 2545 422 2585 voe
432 2527 518 2584 facitis
529 2537 637 2600 sponte,
657 2535 744 2584 euecta
755 2526 830 2584 facit.

140 2611 166 2655 25
193 2600 296 2656 Sumite
305 2603 334 2658 in
343 2602 497 2676 exemplum
507 2604 622 2676 pecudes
634 2604 734 2660 ratione
743 2612 849 2660 carente

71 2722 150 2870 ι
230 2677 319 2752 Turpe
328 2680 379 2736 erit
388 2679 530 2758 ingenium
538 2677 783 2737 mitiuaeeseferis.
