1868 2962
278 506 661 597 enarrarre

388 723 567 733 Ἥ

120 839 219 937 Opus
231 863 298 919 facto
308 864 415 918 tandem
425 870 489 928 erat,
501 871 531 917 ut
540 871 565 917 et
578 863 668 918 Ovidii
678 881 757 936 opera
768 866 874 920 Tauch-

58 958 177 1014 nitianis
193 956 277 1010 literis
294 974 362 1012 nova
378 955 600 1027 luculentiorique
615 955 730 1011 editione
740 957 874 1011 exscribe-

58 1059 174 1115 rentur,
191 1047 326 1120 siqnidem
339 1049 413 1120 prior
427 1047 507 1102 editio
520 1048 574 1100 iam
585 1055 644 1101 ante
658 1048 707 1102 hos
717 1049 814 1121 viginti
826 1066 875 1102 au-

61 1160 113 1198 nos
122 1140 273 1212 prodierat,
290 1157 416 1212 expressa
425 1149 545 1193 accurate
555 1139 588 1192 ad
598 1139 874 1195 Mitscherlichianum

61 1232 219 1305 exemplar,
236 1231 309 1304 quod
323 1233 415 1302 ipsum
430 1230 726 1286 fereBurntannianum
740 1234 872 1304 sequitur,

63 1327 147 1380 cuins
158 1324 277 1379 recensio
291 1323 370 1378 hodie
384 1324 439 1377 iam
454 1323 488 1376 ab
499 1322 606 1376 nemine
616 1321 692 1378 facila
705 1324 872 1395 probabitur,

64 1418 115 1488 qui
133 1415 213 1471 modo
228 1416 376 1470 accuratius
387 1423 412 1468 et
421 1414 514 1484 poesin
525 1413 614 1468 Ovidii
628 1414 721 1470 eteius
733 1423 820 1470 textus
833 1416 875 1469 hi·
924 1466 931 1471 .

64 1508 178 1563 storiam
191 1509 354 1580 cognoverit.
379 1507 444 1560 Utut
453 1507 526 1559 enim
536 1506 630 1569 critici,
643 1507 690 1576 qui
701 1507 811 1561 antehac
822 1507 874 1570 sibi

64 1599 266 1654 emendandum
276 1597 404 1653 Ovidium
416 1584 595 1669 sumpserant,
612 1596 685 1651 haud
694 1614 788 1669 pauca,
800 1597 875 1652 velut

64 1692 207 1756 historica,
224 1691 410 1763 geographica,
426 1690 615 1764 mythologica‚
629 1688 727 1744 rectius
742 1690 871 1753 dederint,

65 1801 150 1855 quam
164 1786 194 1837 in
211 1781 328 1856 vulgatis
345 1773 515 1856 legebantur,
531 1782 612 1836 iidem
630 1789 716 1836 tamen
732 1781 832 1846 atalia,
849 1790 875 1835 et

66 1875 140 1931 haud
159 1876 269 1946 quidem
284 1892 384 1945 pauca,
405 1892 439 1928 ex
452 1876 531 1930 certis
546 1874 710 1946 quibusdam
725 1873 871 1938 radicibus

66 1967 237 2021 artificiosius
248 1968 397 2038 antiquitus
411 1967 557 2032 recensitis,
573 1984 712 2039 perperam
727 1973 871 2026 mutarent,

66 2077 137 2130 quae
148 2060 244 2113 intacta
254 2061 344 2129 potius
354 2058 529 2130 relinquenda
543 2067 569 2114 et
582 2060 641 2114 sine
654 2058 800 2112 mutatione
811 2057 873 2110 reti-

67 2150 154 2204 nenda
175 2160 262 2214 erant,
284 2168 338 2222 qun
357 2167 420 2205 vera
439 2167 466 2205 rc
480 2153 597 2224 genuina
613 2158 704 2223 poetae
717 2148 800 2204 oratio
815 2149 873 2200 sine

68 2241 127 2294 labe
140 2251 304 2306 servaretnr3
320 2241 413 2308 veluti,
430 2250 461 2297 ut
469 2260 556 2298 unum
567 2243 646 2298 modo
655 2257 871 2304 commemorem,

68 2332 136 2386 illud
147 2334 175 2386 in
187 2332 280 2386 limine
289 2334 550 2406 Metamorphosenn:
571 2336 636 2390 Ante
651 2342 761 2388 marcet
777 2336 873 2386 tellus

53 2421 91 2468 ab
100 2423 211 2474 nemine
216 2433 288 2492 puto
297 2425 379 2482 hodie
388 2427 502 2501 patienti
513 2426 605 2486 animc
613 2425 725 2484 teretur
744 2423 875 2496 duximus

47 2507 146 2567 ¹,crtns
170 2526 228 2566 non
248 2521 520 2597 emendationibus
543 2526 596 2586 sed
611 2514 904 2584 maritumum

47 2587 180 2660 'mmm'
207 2621 268 2674 <11¹0
284 2611 344 2681 hic,
365 2633 524 2696 quantum
538 2627 606 2686 fieri
619 2630 740 2703 passe&
745 2611 926 2694 dmm
