1868 2962
143 170 176 222 78
343 174 372 220 P.
394 173 520 220 OVIDII
538 173 703 220 NASONIS

144 277 185 332 An
195 282 279 349 potes,
290 293 316 342 ο,
328 272 580 347 scopulisundaque
589 274 698 331 ferocior
708 273 764 343 illa,
814 276 819 283 “

89 365 128 407 ltu
180 353 203 406 si
214 350 322 417 moriar,
333 350 441 407 titulum
451 350 544 406 mortis
553 350 650 405 habere
659 349 752 407 meae?

144 427 181 482 At
189 434 289 499 quanto
297 426 395 483 melius
405 425 481 500 iungi
490 443 548 481 mea
559 433 662 498 pectora
673 432 773 494 mcum,

107 505 110 513 '
181 520 262 575 quam
275 510 395 575 poterant
404 502 477 556 saxis
486 501 682 574 praecipitanda
694 501 768 558 dari!

145 579 213 633 Haec
222 586 286 634 sunt
297 577 352 642 illa,
364 578 464 643 Phaon,
476 594 546 651 quae
556 584 584 632 tu
596 576 704 633 laudare
713 577 833 649 soleltas3

182 654 294 726 visaque
303 661 367 708 sunt
376 653 452 708 toties
461 653 599 726 ingeniosa
609 653 668 709 tibi.

92 741 129 783 tes
145 731 222 784 Nunc
232 728 328 785 vellem
341 727 454 784 facunda
463 723 564 785 forentl
593 727 671 784 Dolor
680 729 784 784 artibus
793 728 888 797 obstat,

182 804 376 879 ingeniumque
385 803 452 858 meis
462 803 581 858 substitit
589 801 767 860 omnemalis.

95 879 98 886 '
145 882 203 935 Non
214 878 281 934 mihi
291 878 450 951 respondent
458 885 559 934 veteres
570 878 598 932 in
611 879 729 956 carmina
739 880 822 935 vires.

181 954 281 1008 Plectra
291 952 488 1022 doloretacent;
509 960 583 1008 muta
593 951 682 1008 dolore
692 952 749 1028 lyra
760 963 809 1010 est.

145 1029 271 1084 Lesbides
284 1045 437 1100 aequoreae,
449 1036 620 1100 nupturaque
630 1037 768 1103 nuptaque
779 1031 877 1105 proles,

91 1118 130 1159 too
182 1103 318 1171 Lesbides,
330 1102 419 1159 Aeolia
429 1103 537 1159 nomina
546 1103 615 1158 dicta
625 1101 693 1176 lyra,

145 1179 280 1245 Lesbides,
292 1177 419 1234 infamem
428 1196 497 1251 quae
506 1197 549 1235 me
558 1177 657 1234 fecistis
667 1186 779 1246 amatae,

182 1255 294 1310 desinite
305 1253 338 1308 ad
349 1254 463 1309 citharas
473 1255 552 1309 turba
562 1254 654 1311 venire
663 1272 747 1310 meas.
869 1256 873 1265 '

146 1328 263 1386 Abstulit
273 1345 352 1385 omne
360 1329 461 1394 Phaon,
473 1328 546 1400 quod
554 1329 631 1385 vobis
642 1337 702 1386 ante
711 1329 842 1403 placebat.

183 1407 225 1461 Me
234 1404 373 1460 miseram!
395 1402 452 1458 dixi
461 1419 544 1476 quam
554 1404 633 1461 modo
644 1422 737 1478 paene,
750 1408 841 1463 meus!

91 1493 129 1534 tus
145 1481 256 1547 Efficite,
268 1480 408 1536 utredeat:
429 1486 621 1552 vaoesquoque
631 1488 718 1536 vestra
728 1481 836 1539 redibit.

183 1557 292 1632 Ingenio
303 1557 372 1613 vires
383 1555 428 1612 ille
440 1556 493 1622 dat,
506 1554 551 1610 ille
560 1556 639 1628 rapit.

145 1632 250 1705 Ecquid
260 1651 309 1706 ago
318 1631 460 1705 precibus‘l
478 1633 608 1686 Pectusne
616 1638 718 1706 agreste
727 1633 869 1689 movetur?

183 1707 311 1781 anriget‘?
330 1715 355 1762 et
365 1707 479 1781 Zephyri
489 1707 570 1763 verba
580 1705 679 1762 caduca
688 1705 796 1763 ferunt?

144 1783 198 1848 Qui
208 1800 267 1837 mea
276 1783 357 1838 verba
367 1781 464 1847 ferunt,
475 1782 572 1838 vellem
581 1788 627 1837 tua
636 1780 694 1839 vela
705 1782 846 1841 referrent:

91 1869 130 1912 tto
183 1858 232 1914 hoc
242 1865 275 1923 te,
288 1858 311 1912 si
321 1875 436 1930 saperes,
449 1857 526 1925 lenta,
538 1857 645 1913 decebat
654 1873 732 1928 opus.

146 1933 207 1989 Sive
217 1933 297 1999 redis,
310 1935 450 2006 puppique
459 1941 519 1989 tuae
529 1934 617 1990 votiva
626 1940 754 2006 parantur

184 2027 308 2078 munera,
330 2009 397 2082 quid
407 2009 505 2064 laceras
515 2017 619 2082 pectora
629 2016 717 2065 nostra
728 2007 820 2064 mora?

147 2085 224 2141 Solve
243 2092 340 2140 raterm
361 2085 463 2151 Venus,
484 2093 541 2141 orta
561 2085 639 2151 mari,
660 2103 732 2140 mare
751 2090 869 2165 praestat

627 2160 737 2216 amanti.

185 2234 257 2291 Aura
266 2234 340 2290 dabit
348 2251 473 2304 oursum;
495 2242 524 2289 tn
534 2234 612 2291 modo
622 2235 695 2292 solve
705 2244 799 2294 ratem.

93 2325 132 2366 trs
147 2314 206 2383 lpse
216 2309 376 2385 gubernabit
384 2310 503 2367 residens
513 2311 542 2366 in
552 2329 642 2384 puppe
652 2311 770 2384 Cupido:

187 2388 242 2459 ipse
251 2385 325 2441 dabit
334 2392 422 2441 tenera
432 2384 500 2451 vela,
512 2385 643 2459 legetque,
658 2405 751 2442 manu.

148 2464 209 2517 Sive
218 2463 293 2518 iuvat
302 2460 380 2536 longe
390 2461 490 2536 fugisse
499 2461 636 2537 Pelasgida
646 2461 767 2534 Sappbo;

186 2557 238 2592 non
251 2545 340 2593 tamen
349 2536 478 2601 invenies,
490 2553 538 2591 cur
549 2555 598 2610 ego
607 2537 688 2611 digna
697 2536 771 2611 fuga.

143 2615 202 2668 lloc
209 2611 303 2668 saltem
313 2615 426 2670 miserae
434 2610 549 2668 crudelis
559 2612 670 2685 epistola
678 2612 761 2668 dicat:

70 2697 117 2739 220
171 2689 757 2764 utmilrileucadiaefatapetauturaquae.

95 2890 116 2922 A
