<?xml version="1.0" encoding="UTF-8"?>
<!DOCTYPE html PUBLIC "-//W3C//DTD XHTML 1.0 Transitional//EN"
    "http://www.w3.org/TR/xhtml1/DTD/xhtml1-transitional.dtd">
<html xmlns="http://www.w3.org/1999/xhtml" xml:lang="en" lang="en">
 <head>
  <title>
</title>
<meta http-equiv="Content-Type" content="text/html;charset=utf-8" />
  <meta name='ocr-system' content='tesseract 3.04.00' />
  <meta name='ocr-capabilities' content='ocr_page ocr_carea ocr_par ocr_line ocrx_word'/>
</head>
<body>
  <div class='ocr_page' id='page_1' title='image "./operaomnia01ovidgoog/operaomnia01ovidgoog_0095.png"; bbox 0 0 1868 2962; ppageno 0'>
   <div class='ocr_carea' id='block_1_1' title="bbox 130 102 686 155">
    <p class='ocr_par' dir='ltr' id='par_1_1' title="bbox 130 102 686 155">
     <span class='ocr_line' id='line_1_1' title="bbox 130 102 686 155; baseline -0.002 -2"><span class='ocrx_word' id='word_1_1' title='bbox 130 102 162 155; x_wconf 91' lang='grc'>86</span> <span class='ocrx_word' id='word_1_2' title='bbox 327 106 354 151; x_wconf 90' lang='lat' dir='ltr'>P.</span> <span class='ocrx_word' id='word_1_3' title='bbox 375 104 502 153; x_wconf 84' lang='lat' dir='ltr'>OVIDII</span> <span class='ocrx_word' id='word_1_4' title='bbox 519 106 686 153; x_wconf 77' lang='lat' dir='ltr'>NASONIS</span> 
     </span>
    </p>
   </div>
   <div class='ocr_carea' id='block_1_2' title="bbox 76 204 874 1481">
    <p class='ocr_par' dir='ltr' id='par_1_2' title="bbox 76 204 874 1481">
     <span class='ocr_line' id='line_1_2' title="bbox 166 204 874 279; baseline 0.004 -18"><span class='ocrx_word' id='word_1_5' title='bbox 166 214 226 262; x_wconf 88' lang='lat' dir='ltr'>ante</span> <span class='ocrx_word' id='word_1_6' title='bbox 235 204 325 262; x_wconf 86' lang='lat' dir='ltr'>oculos</span> <span class='ocrx_word' id='word_1_7' title='bbox 334 205 413 278; x_wconf 89' lang='lat' dir='ltr'>posui</span> <span class='ocrx_word' id='word_1_8' title='bbox 421 205 516 279; x_wconf 88' lang='lat' dir='ltr'>pocula</span> <span class='ocrx_word' id='word_1_9' title='bbox 526 213 614 261; x_wconf 81' lang='lat' dir='ltr'>sumta</span> <span class='ocrx_word' id='word_1_10' title='bbox 623 222 708 263; x_wconf 80' lang='lat' dir='ltr'>meos.</span> <span class='ocrx_word' id='word_1_11' title='bbox 870 248 874 253; x_wconf 88' lang='lat'>-</span> 
     </span>
     <span class='ocr_line' id='line_1_3' title="bbox 76 279 857 354; baseline -0.003 -15"><span class='ocrx_word' id='word_1_12' title='bbox 76 296 113 339; x_wconf 72' lang='grc' dir='ltr'>ιιι</span> <span class='ocrx_word' id='word_1_13' title='bbox 129 282 243 337; x_wconf 89' lang='lat' dir='ltr'>Lumina</span> <span class='ocrx_word' id='word_1_14' title='bbox 252 281 369 348; x_wconf 81' lang='lat' dir='ltr'>demitto,</span> <span class='ocrx_word' id='word_1_15' title='bbox 383 288 584 354; x_wconf 87' lang='lat' dir='ltr'>quumtetenet</span> <span class='ocrx_word' id='word_1_16' title='bbox 592 282 690 338; x_wconf 87' lang='lat' dir='ltr'>arctius</span> <span class='ocrx_word' id='word_1_17' title='bbox 700 279 760 351; x_wconf 87' lang='lat' dir='ltr'>ille;</span> <span class='ocrx_word' id='word_1_18' title='bbox 854 328 857 343; x_wconf 33' lang='grc' dir='ltr'><strong>ἶ</strong></span> 
     </span>
     <span class='ocr_line' id='line_1_4' title="bbox 166 356 670 413; baseline 0.006 -3"><span class='ocrx_word' id='word_1_19' title='bbox 166 356 258 410; x_wconf 90' lang='lat' dir='ltr'>crescit</span> <span class='ocrx_word' id='word_1_20' title='bbox 267 363 293 411; x_wconf 86' lang='lat' dir='ltr'>et</span> <span class='ocrx_word' id='word_1_21' title='bbox 301 356 385 412; x_wconf 88' lang='lat' dir='ltr'>invito</span> <span class='ocrx_word' id='word_1_22' title='bbox 395 356 482 412; x_wconf 88' lang='lat' dir='ltr'>lentus</span> <span class='ocrx_word' id='word_1_23' title='bbox 492 357 520 412; x_wconf 91' lang='lat' dir='ltr'>in</span> <span class='ocrx_word' id='word_1_24' title='bbox 530 375 574 412; x_wconf 88' lang='lat' dir='ltr'>ore</span> <span class='ocrx_word' id='word_1_25' title='bbox 582 357 670 413; x_wconf 88' lang='lat' dir='ltr'>cibus.</span> 
     </span>
     <span class='ocr_line' id='line_1_5' title="bbox 130 430 720 505; baseline 0 -19"><span class='ocrx_word' id='word_1_26' title='bbox 130 432 212 503; x_wconf 82' lang='lat' dir='ltr'>Saepe</span> <span class='ocrx_word' id='word_1_27' title='bbox 220 431 280 485; x_wconf 83' lang='lat' dir='ltr'>dedi</span> <span class='ocrx_word' id='word_1_28' title='bbox 290 432 416 505; x_wconf 80' lang='lat' dir='ltr'>gemitus,</span> <span class='ocrx_word' id='word_1_29' title='bbox 429 440 455 486; x_wconf 83' lang='lat' dir='ltr'>et</span> <span class='ocrx_word' id='word_1_30' title='bbox 465 440 497 497; x_wconf 84' lang='lat' dir='ltr'>te,</span> <span class='ocrx_word' id='word_1_31' title='bbox 511 430 618 497; x_wconf 84' lang='lat' dir='ltr'>lasciva,</span> <span class='ocrx_word' id='word_1_32' title='bbox 630 433 720 488; x_wconf 84' lang='lat' dir='ltr'>notavi</span> 
     </span>
     <span class='ocr_line' id='line_1_6' title="bbox 167 506 672 580; baseline 0.006 -20"><span class='ocrx_word' id='word_1_33' title='bbox 167 507 195 561; x_wconf 93' lang='lat' dir='ltr'>in</span> <span class='ocrx_word' id='word_1_34' title='bbox 205 506 306 580; x_wconf 80' lang='lat' dir='ltr'>gemitu</span> <span class='ocrx_word' id='word_1_35' title='bbox 317 506 402 562; x_wconf 89' lang='lat' dir='ltr'>risum</span> <span class='ocrx_word' id='word_1_36' title='bbox 412 524 466 562; x_wconf 91' lang='lat' dir='ltr'>non</span> <span class='ocrx_word' id='word_1_37' title='bbox 475 506 594 562; x_wconf 86' lang='lat' dir='ltr'>tenuisse</span> <span class='ocrx_word' id='word_1_38' title='bbox 602 524 672 563; x_wconf 88' lang='lat' dir='ltr'>meo.</span> 
     </span>
     <span class='ocr_line' id='line_1_7' title="bbox 130 580 818 669; baseline 0.004 -33"><span class='ocrx_word' id='word_1_39' title='bbox 130 581 212 653; x_wconf 83' lang='lat' dir='ltr'>Saepe</span> <span class='ocrx_word' id='word_1_40' title='bbox 222 580 522 645; x_wconf 83' lang='lat' dir='ltr'>merovoluiflammam</span> <span class='ocrx_word' id='word_1_41' title='bbox 531 599 712 669; x_wconf 77' lang='lat' dir='ltr'>compescere:</span> <span class='ocrx_word' id='word_1_42' title='bbox 734 583 818 640; x_wconf 85' lang='lat' dir='ltr'>atiila</span> 
     </span>
     <span class='ocr_line' id='line_1_8' title="bbox 77 654 677 744; baseline -0.002 -31"><span class='ocrx_word' id='word_1_43' title='bbox 77 670 115 714; x_wconf 73' lang='grc' dir='ltr'>ιιι</span> <span class='ocrx_word' id='word_1_44' title='bbox 167 657 258 722; x_wconf 86' lang='lat' dir='ltr'>crevit,</span> <span class='ocrx_word' id='word_1_45' title='bbox 271 664 296 712; x_wconf 90' lang='lat' dir='ltr'>et</span> <span class='ocrx_word' id='word_1_46' title='bbox 305 657 435 712; x_wconf 79' lang='lat' dir='ltr'>ebrietas</span> <span class='ocrx_word' id='word_1_47' title='bbox 427 673 497 731; x_wconf 79' lang='lat' dir='ltr'>ignis</span> <span class='ocrx_word' id='word_1_48' title='bbox 506 675 535 713; x_wconf 86' lang='grc' dir='ltr'>ιιι</span> <span class='ocrx_word' id='word_1_49' title='bbox 546 674 608 744; x_wconf 81' lang='lat' dir='ltr'>igne</span> <span class='ocrx_word' id='word_1_50' title='bbox 616 654 677 714; x_wconf 81' lang='lat' dir='ltr'>furt</span> 
     </span>
     <span class='ocr_line' id='line_1_9' title="bbox 95 730 781 804; baseline 0.005 -17.165"><span class='ocrx_word' id='word_1_51' title='bbox 95 732 266 804; x_wconf 89' lang='lat' dir='ltr'>Multaque</span> <span class='ocrx_word' id='word_1_52' title='bbox 275 749 308 786; x_wconf 90' lang='lat' dir='ltr'>ne</span> <span class='ocrx_word' id='word_1_53' title='bbox 317 730 432 799; x_wconf 81' lang='lat' dir='ltr'>videam,</span> <span class='ocrx_word' id='word_1_54' title='bbox 442 749 519 787; x_wconf 83' lang='lat' dir='ltr'>versa</span> <span class='ocrx_word' id='word_1_55' title='bbox 529 749 632 789; x_wconf 81' lang='lat' dir='ltr'>cervice</span> <span class='ocrx_word' id='word_1_56' title='bbox 640 733 781 802; x_wconf 86' lang='lat' dir='ltr'>recumbo</span> 
     </span>
     <span class='ocr_line' id='line_1_10' title="bbox 168 806 724 880; baseline 0.002 -17"><span class='ocrx_word' id='word_1_57' title='bbox 168 807 215 863; x_wconf 92' lang='lat' dir='ltr'>sed</span> <span class='ocrx_word' id='word_1_58' title='bbox 225 824 331 863; x_wconf 85' lang='lat' dir='ltr'>revocas</span> <span class='ocrx_word' id='word_1_59' title='bbox 340 806 430 863; x_wconf 87' lang='lat' dir='ltr'>oculos</span> <span class='ocrx_word' id='word_1_60' title='bbox 439 808 562 880; x_wconf 86' lang='lat' dir='ltr'>protinus</span> <span class='ocrx_word' id='word_1_61' title='bbox 573 807 630 879; x_wconf 89' lang='lat' dir='ltr'>ipsa</span> <span class='ocrx_word' id='word_1_62' title='bbox 640 826 724 864; x_wconf 87' lang='lat' dir='ltr'>meos.</span> 
     </span>
     <span class='ocr_line' id='line_1_11' title="bbox 131 881 838 953; baseline 0.004 -15"><span class='ocrx_word' id='word_1_63' title='bbox 131 881 201 950; x_wconf 86' lang='lat' dir='ltr'>Quid</span> <span class='ocrx_word' id='word_1_64' title='bbox 212 881 316 947; x_wconf 80' lang='lat' dir='ltr'>faciam,</span> <span class='ocrx_word' id='word_1_65' title='bbox 327 881 430 938; x_wconf 88' lang='lat' dir='ltr'>dubito.</span> <span class='ocrx_word' id='word_1_66' title='bbox 450 882 528 939; x_wconf 83' lang='lat' dir='ltr'>Dolor</span> <span class='ocrx_word' id='word_1_67' title='bbox 538 889 578 938; x_wconf 91' lang='lat' dir='ltr'>est</span> <span class='ocrx_word' id='word_1_68' title='bbox 590 900 667 939; x_wconf 89' lang='lat' dir='ltr'>meus</span> <span class='ocrx_word' id='word_1_69' title='bbox 677 883 724 939; x_wconf 86' lang='lat' dir='ltr'>illa</span> <span class='ocrx_word' id='word_1_70' title='bbox 735 884 838 953; x_wconf 81' lang='lat' dir='ltr'>videre3</span> 
     </span>
     <span class='ocr_line' id='line_1_12' title="bbox 169 955 659 1014; baseline 0.002 -2"><span class='ocrx_word' id='word_1_71' title='bbox 169 957 215 1012; x_wconf 92' lang='lat' dir='ltr'>sed</span> <span class='ocrx_word' id='word_1_72' title='bbox 224 955 399 1012; x_wconf 85' lang='lat' dir='ltr'>dolorafacie</span> <span class='ocrx_word' id='word_1_73' title='bbox 408 957 493 1013; x_wconf 87' lang='lat' dir='ltr'>maior</span> <span class='ocrx_word' id='word_1_74' title='bbox 502 958 595 1013; x_wconf 85' lang='lat' dir='ltr'>abesse</span> <span class='ocrx_word' id='word_1_75' title='bbox 604 966 659 1014; x_wconf 86' lang='lat' dir='ltr'>tua.</span> 
     </span>
     <span class='ocr_line' id='line_1_13' title="bbox 77 1030 752 1103; baseline -0.001 -14"><span class='ocrx_word' id='word_1_76' title='bbox 77 1047 116 1090; x_wconf 71' lang='grc' dir='ltr'>ιιι</span> <span class='ocrx_word' id='word_1_77' title='bbox 131 1033 189 1100; x_wconf 88' lang='lat' dir='ltr'>Qua</span> <span class='ocrx_word' id='word_1_78' title='bbox 200 1032 259 1088; x_wconf 88' lang='lat' dir='ltr'>licet</span> <span class='ocrx_word' id='word_1_79' title='bbox 269 1038 294 1086; x_wconf 89' lang='lat' dir='ltr'>et</span> <span class='ocrx_word' id='word_1_80' title='bbox 301 1049 423 1103; x_wconf 90' lang='lat' dir='ltr'>possum,</span> <span class='ocrx_word' id='word_1_81' title='bbox 434 1031 519 1089; x_wconf 84' lang='lat' dir='ltr'>luctor</span> <span class='ocrx_word' id='word_1_82' title='bbox 527 1031 611 1087; x_wconf 86' lang='lat' dir='ltr'>celare</span> <span class='ocrx_word' id='word_1_83' title='bbox 620 1030 752 1089; x_wconf 80' lang='lat' dir='ltr'>furorem:</span> 
     </span>
     <span class='ocr_line' id='line_1_14' title="bbox 170 1106 759 1180; baseline 0 -18"><span class='ocrx_word' id='word_1_84' title='bbox 170 1106 216 1162; x_wconf 89' lang='lat' dir='ltr'>sed</span> <span class='ocrx_word' id='word_1_85' title='bbox 227 1114 313 1165; x_wconf 86' lang='lat' dir='ltr'>tamen</span> <span class='ocrx_word' id='word_1_86' title='bbox 323 1115 431 1180; x_wconf 85' lang='lat' dir='ltr'>apparet</span> <span class='ocrx_word' id='word_1_87' title='bbox 440 1106 625 1165; x_wconf 87' lang='lat' dir='ltr'>dissimulatus</span> <span class='ocrx_word' id='word_1_88' title='bbox 634 1124 719 1164; x_wconf 84' lang='lat' dir='ltr'>amor.</span> <span class='ocrx_word' id='word_1_89' title='bbox 756 1161 759 1169; x_wconf 84' lang='grc'>,</span> 
     </span>
     <span class='ocr_line' id='line_1_15' title="bbox 132 1181 862 1250; baseline -0.001 -11"><span class='ocrx_word' id='word_1_90' title='bbox 132 1185 185 1239; x_wconf 91' lang='lat' dir='ltr'>Nec</span> <span class='ocrx_word' id='word_1_91' title='bbox 195 1182 243 1237; x_wconf 89' lang='lat' dir='ltr'>tibi</span> <span class='ocrx_word' id='word_1_92' title='bbox 254 1183 334 1237; x_wconf 87' lang='lat' dir='ltr'>verba</span> <span class='ocrx_word' id='word_1_93' title='bbox 343 1183 456 1239; x_wconf 88' lang='lat' dir='ltr'>damus:</span> <span class='ocrx_word' id='word_1_94' title='bbox 477 1182 560 1238; x_wconf 87' lang='lat' dir='ltr'>sentis</span> <span class='ocrx_word' id='word_1_95' title='bbox 569 1200 628 1239; x_wconf 85' lang='lat' dir='ltr'>mea</span> <span class='ocrx_word' id='word_1_96' title='bbox 637 1181 759 1250; x_wconf 81' lang='lat' dir='ltr'>vulnera,</span> <span class='ocrx_word' id='word_1_97' title='bbox 770 1186 862 1240; x_wconf 71' lang='lat' dir='ltr'>sentis.</span> 
     </span>
     <span class='ocr_line' id='line_1_16' title="bbox 169 1257 673 1330; baseline 0.002 -17"><span class='ocrx_word' id='word_1_98' title='bbox 169 1258 255 1330; x_wconf 80' lang='lat' dir='ltr'>Atque</span> <span class='ocrx_word' id='word_1_99' title='bbox 265 1257 368 1314; x_wconf 84' lang='lat' dir='ltr'>utinam</span> <span class='ocrx_word' id='word_1_100' title='bbox 377 1258 428 1315; x_wconf 84' lang='lat' dir='ltr'>soli</span> <span class='ocrx_word' id='word_1_101' title='bbox 438 1258 601 1314; x_wconf 85' lang='lat' dir='ltr'>sintoanota</span> <span class='ocrx_word' id='word_1_102' title='bbox 610 1257 673 1314; x_wconf 77' lang='lat' dir='ltr'>tibi!</span> 
     </span>
     <span class='ocr_line' id='line_1_17' title="bbox 133 1331 783 1406; baseline -0.002 -18"><span class='ocrx_word' id='word_1_103' title='bbox 133 1333 173 1388; x_wconf 78' lang='lat' dir='ltr'>Ah</span> <span class='ocrx_word' id='word_1_104' title='bbox 184 1333 298 1406; x_wconf 81' lang='lat' dir='ltr'>quoties,</span> <span class='ocrx_word' id='word_1_105' title='bbox 310 1333 426 1388; x_wconf 80' lang='lat' dir='ltr'><strong>lacrimis</strong></span> <span class='ocrx_word' id='word_1_106' title='bbox 436 1333 615 1399; x_wconf 86' lang='lat' dir='ltr'>venientibus,</span> <span class='ocrx_word' id='word_1_107' title='bbox 627 1351 672 1390; x_wconf 86' lang='lat' dir='ltr'>ora</span> <span class='ocrx_word' id='word_1_108' title='bbox 682 1331 783 1399; x_wconf 82' lang='lat' dir='ltr'>reflexi,</span> 
     </span>
     <span class='ocr_line' id='line_1_18' title="bbox 79 1407 702 1481; baseline 0 -19"><span class='ocrx_word' id='word_1_109' title='bbox 79 1417 117 1464; x_wconf 76' lang='lat' dir='ltr'>ato</span> <span class='ocrx_word' id='word_1_110' title='bbox 171 1427 203 1464; x_wconf 89' lang='lat' dir='ltr'>ne</span> <span class='ocrx_word' id='word_1_111' title='bbox 213 1426 335 1463; x_wconf 89' lang='lat' dir='ltr'>caussam</span> <span class='ocrx_word' id='word_1_112' title='bbox 348 1407 424 1465; x_wconf 83' lang='lat' dir='ltr'>fletus</span> <span class='ocrx_word' id='word_1_113' title='bbox 434 1417 570 1481; x_wconf 86' lang='lat' dir='ltr'>quaereret</span> <span class='ocrx_word' id='word_1_114' title='bbox 580 1408 625 1464; x_wconf 86' lang='lat' dir='ltr'>ille</span> <span class='ocrx_word' id='word_1_115' title='bbox 634 1409 702 1464; x_wconf 87' lang='lat' dir='ltr'>meil</span> 
     </span>
    </p>
   </div>
   <div class='ocr_carea' id='block_1_3' title="bbox 81 1483 792 1916">
    <p class='ocr_par' dir='ltr' id='par_1_3' title="bbox 108 1483 792 1916">
     <span class='ocr_line' id='line_1_19' title="bbox 133 1483 760 1558; baseline -0.005 -18"><span class='ocrx_word' id='word_1_116' title='bbox 133 1484 174 1540; x_wconf 81' lang='lat' dir='ltr'>Ah</span> <span class='ocrx_word' id='word_1_117' title='bbox 184 1485 288 1557; x_wconf 90' lang='lat' dir='ltr'>quoties</span> <span class='ocrx_word' id='word_1_118' title='bbox 298 1483 415 1558; x_wconf 81' lang='lat' dir='ltr'>aliquem</span> <span class='ocrx_word' id='word_1_119' title='bbox 425 1483 531 1540; x_wconf 85' lang='lat' dir='ltr'>narravi</span> <span class='ocrx_word' id='word_1_120' title='bbox 539 1491 620 1557; x_wconf 90' lang='lat' dir='ltr'>potus</span> <span class='ocrx_word' id='word_1_121' title='bbox 632 1500 760 1550; x_wconf 85' lang='lat' dir='ltr'>amorem,</span> 
     </span>
     <span class='ocr_line' id='line_1_20' title="bbox 171 1559 719 1635; baseline -0.004 -19"><span class='ocrx_word' id='word_1_122' title='bbox 171 1561 205 1616; x_wconf 88' lang='lat' dir='ltr'>ad</span> <span class='ocrx_word' id='word_1_123' title='bbox 214 1560 305 1616; x_wconf 89' lang='lat' dir='ltr'>vultus</span> <span class='ocrx_word' id='word_1_124' title='bbox 316 1559 429 1616; x_wconf 82' lang='lat' dir='ltr'>referens</span> <span class='ocrx_word' id='word_1_125' title='bbox 440 1559 547 1635; x_wconf 80' lang='lat' dir='ltr'>singula</span> <span class='ocrx_word' id='word_1_126' title='bbox 557 1560 638 1614; x_wconf 91' lang='lat' dir='ltr'>verba</span> <span class='ocrx_word' id='word_1_127' title='bbox 648 1567 719 1625; x_wconf 87' lang='lat' dir='ltr'>tuos,</span> 
     </span>
     <span class='ocr_line' id='line_1_21' title="bbox 135 1633 707 1709; baseline -0.002 -20"><span class='ocrx_word' id='word_1_128' title='bbox 135 1635 319 1709; x_wconf 91' lang='lat' dir='ltr'>indiciumque</span> <span class='ocrx_word' id='word_1_129' title='bbox 329 1652 382 1690; x_wconf 86' lang='lat' dir='ltr'>mer</span> <span class='ocrx_word' id='word_1_130' title='bbox 375 1636 453 1691; x_wconf 87' lang='lat' dir='ltr'>&#39;ficto</span> <span class='ocrx_word' id='word_1_131' title='bbox 462 1635 515 1690; x_wconf 89' lang='lat' dir='ltr'>sub</span> <span class='ocrx_word' id='word_1_132' title='bbox 525 1634 634 1690; x_wconf 87' lang='lat' dir='ltr'>nomine</span> <span class='ocrx_word' id='word_1_133' title='bbox 646 1633 707 1690; x_wconf 86' lang='lat' dir='ltr'>feci.</span> 
     </span>
     <span class='ocr_line' id='line_1_22' title="bbox 171 1711 719 1784; baseline 0 -20"><span class='ocrx_word' id='word_1_134' title='bbox 171 1711 218 1764; x_wconf 85' lang='lat' dir='ltr'>Ille</span> <span class='ocrx_word' id='word_1_135' title='bbox 226 1728 283 1784; x_wconf 83' lang='lat' dir='ltr'>ego</span> <span class='ocrx_word' id='word_1_136' title='bbox 295 1729 319 1764; x_wconf 80' lang='lat' dir='ltr'>si</span> <span class='ocrx_word' id='word_1_137' title='bbox 329 1728 424 1776; x_wconf 82' lang='lat' dir='ltr'>nescis</span> <span class='ocrx_word' id='word_1_138' title='bbox 435 1727 516 1764; x_wconf 88' lang='lat' dir='ltr'>verus</span> <span class='ocrx_word' id='word_1_139' title='bbox 526 1717 627 1765; x_wconf 88' lang='lat' dir='ltr'>amator</span> <span class='ocrx_word' id='word_1_140' title='bbox 636 1727 719 1765; x_wconf 87' lang='lat' dir='ltr'>eram</span> 
     </span>
     <span class='ocr_line' id='line_1_23' title="bbox 81 1784 792 1857; baseline -0.001 -16.961"><span class='ocrx_word' id='word_1_141' title='bbox 81 1793 118 1840; x_wconf 70' lang='lat'>245</span> <span class='ocrx_word' id='word_1_142' title='bbox 134 1786 205 1852; x_wconf 83' lang='lat' dir='ltr'>Quin</span> <span class='ocrx_word' id='word_1_143' title='bbox 215 1785 304 1850; x_wconf 87' lang='lat' dir='ltr'>etiam,</span> <span class='ocrx_word' id='word_1_144' title='bbox 317 1794 346 1839; x_wconf 90' lang='lat' dir='ltr'>ut</span> <span class='ocrx_word' id='word_1_145' title='bbox 354 1802 461 1856; x_wconf 89' lang='lat' dir='ltr'>possem</span> <span class='ocrx_word' id='word_1_146' title='bbox 470 1785 559 1840; x_wconf 86' lang='lat' dir='ltr'>verbis</span> <span class='ocrx_word' id='word_1_147' title='bbox 568 1784 731 1857; x_wconf 87' lang='lat' dir='ltr'>petulantius</span> <span class='ocrx_word' id='word_1_148' title='bbox 741 1786 792 1851; x_wconf 83' lang='lat' dir='ltr'>uti,</span> 
     </span>
     <span class='ocr_line' id='line_1_24' title="bbox 171 1859 708 1916; baseline 0.002 -1"><span class='ocrx_word' id='word_1_149' title='bbox 171 1878 225 1915; x_wconf 95' lang='lat' dir='ltr'>non</span> <span class='ocrx_word' id='word_1_150' title='bbox 235 1859 316 1915; x_wconf 87' lang='lat' dir='ltr'>semel</span> <span class='ocrx_word' id='word_1_151' title='bbox 326 1860 438 1914; x_wconf 83' lang='lat' dir='ltr'>ebrietas</span> <span class='ocrx_word' id='word_1_152' title='bbox 448 1868 487 1915; x_wconf 91' lang='lat' dir='ltr'>est</span> <span class='ocrx_word' id='word_1_153' title='bbox 497 1860 621 1916; x_wconf 87' lang='lat' dir='ltr'>simulata</span> <span class='ocrx_word' id='word_1_154' title='bbox 631 1860 708 1916; x_wconf 89' lang='lat' dir='ltr'>mihi.</span> 
     </span>
    </p>
   </div>
   <div class='ocr_carea' id='block_1_4' title="bbox 82 1934 800 2690">
    <p class='ocr_par' dir='ltr' id='par_1_4' title="bbox 82 1934 800 2690">
     <span class='ocr_line' id='line_1_25' title="bbox 135 1934 800 2008; baseline 0 -18"><span class='ocrx_word' id='word_1_155' title='bbox 135 1934 239 1990; x_wconf 80' lang='lat' dir='ltr'>Prodita</span> <span class='ocrx_word' id='word_1_156' title='bbox 250 1944 321 2000; x_wconf 82' lang='lat' dir='ltr'>sunt,</span> <span class='ocrx_word' id='word_1_157' title='bbox 333 1935 453 2002; x_wconf 87' lang='lat' dir='ltr'>memini,</span> <span class='ocrx_word' id='word_1_158' title='bbox 465 1936 553 1991; x_wconf 91' lang='lat' dir='ltr'>tunica</span> <span class='ocrx_word' id='word_1_159' title='bbox 563 1944 608 1991; x_wconf 85' lang='lat' dir='ltr'>tua</span> <span class='ocrx_word' id='word_1_160' title='bbox 616 1944 720 2008; x_wconf 85' lang='lat' dir='ltr'>pectora</span> <span class='ocrx_word' id='word_1_161' title='bbox 730 1934 800 2001; x_wconf 78' lang='lat' dir='ltr'>laxa,</span> 
     </span>
     <span class='ocr_line' id='line_1_26' title="bbox 87 2006 735 2080; baseline 0.002 -17"><span class='ocrx_word' id='word_1_162' title='bbox 87 2006 92 2013; x_wconf 89' lang='grc'><strong><em>’</em></strong></span> <span class='ocrx_word' id='word_1_163' title='bbox 172 2018 252 2080; x_wconf 91' lang='lat' dir='ltr'>atque</span> <span class='ocrx_word' id='word_1_164' title='bbox 260 2011 344 2065; x_wconf 84' lang='lat' dir='ltr'>oculis</span> <span class='ocrx_word' id='word_1_165' title='bbox 355 2012 455 2066; x_wconf 89' lang='lat' dir='ltr'>aditum</span> <span class='ocrx_word' id='word_1_166' title='bbox 469 2011 540 2066; x_wconf 91' lang='lat' dir='ltr'>nuda</span> <span class='ocrx_word' id='word_1_167' title='bbox 550 2011 644 2066; x_wconf 83' lang='lat' dir='ltr'>dedere</span> <span class='ocrx_word' id='word_1_168' title='bbox 654 2011 735 2065; x_wconf 88' lang='lat' dir='ltr'>meis:</span> 
     </span>
     <span class='ocr_line' id='line_1_27' title="bbox 136 2085 789 2158; baseline 0.002 -17"><span class='ocrx_word' id='word_1_169' title='bbox 136 2095 238 2157; x_wconf 87' lang='lat' dir='ltr'>pectora</span> <span class='ocrx_word' id='word_1_170' title='bbox 248 2085 290 2138; x_wconf 87' lang='lat' dir='ltr'>ve&#39;l</span> <span class='ocrx_word' id='word_1_171' title='bbox 304 2087 412 2141; x_wconf 90' lang='lat' dir='ltr'>nivibus</span> <span class='ocrx_word' id='word_1_172' title='bbox 422 2087 508 2158; x_wconf 82' lang='lat' dir='ltr'>puris,</span> <span class='ocrx_word' id='word_1_173' title='bbox 519 2086 562 2142; x_wconf 89' lang='lat' dir='ltr'>vel</span> <span class='ocrx_word' id='word_1_174' title='bbox 573 2086 647 2152; x_wconf 84' lang='lat' dir='ltr'>lacte,</span> <span class='ocrx_word' id='word_1_175' title='bbox 659 2095 789 2158; x_wconf 78' lang='lat' dir='ltr'>tuamque</span> 
     </span>
     <span class='ocr_line' id='line_1_28' title="bbox 82 2159 673 2231; baseline 0.002 -15"><span class='ocrx_word' id='word_1_176' title='bbox 82 2173 120 2216; x_wconf 81' lang='lat'>25⁰</span> <span class='ocrx_word' id='word_1_177' title='bbox 172 2159 309 2231; x_wconf 86' lang='lat' dir='ltr'>complexo</span> <span class='ocrx_word' id='word_1_178' title='bbox 320 2169 430 2216; x_wconf 86' lang='lat' dir='ltr'>matrem</span> <span class='ocrx_word' id='word_1_179' title='bbox 440 2162 592 2218; x_wconf 87' lang='lat' dir='ltr'>candidiora</span> <span class='ocrx_word' id='word_1_180' title='bbox 603 2164 673 2217; x_wconf 84' lang='lat' dir='ltr'>Iove.</span> 
     </span>
     <span class='ocr_line' id='line_1_29' title="bbox 136 2235 792 2308; baseline 0.002 -19"><span class='ocrx_word' id='word_1_181' title='bbox 136 2239 205 2290; x_wconf 88' lang='lat' dir='ltr'>Dum</span> <span class='ocrx_word' id='word_1_182' title='bbox 215 2245 308 2307; x_wconf 88' lang='lat' dir='ltr'>stupeo</span> <span class='ocrx_word' id='word_1_183' title='bbox 318 2237 394 2302; x_wconf 89' lang='lat' dir='ltr'>visis,</span> <span class='ocrx_word' id='word_1_184' title='bbox 406 2255 469 2292; x_wconf 88' lang='lat' dir='ltr'>nam</span> <span class='ocrx_word' id='word_1_185' title='bbox 479 2236 574 2308; x_wconf 89' lang='lat' dir='ltr'>pocula</span> <span class='ocrx_word' id='word_1_186' title='bbox 584 2235 649 2292; x_wconf 83' lang='lat' dir='ltr'>forte</span> <span class='ocrx_word' id='word_1_187' title='bbox 659 2237 792 2303; x_wconf 85' lang='lat' dir='ltr'>tenebam,</span> 
     </span>
     <span class='ocr_line' id='line_1_30' title="bbox 173 2311 664 2385; baseline 0 -18"><span class='ocrx_word' id='word_1_188' title='bbox 173 2311 268 2367; x_wconf 81' lang='lat' dir='ltr'>tortilis</span> <span class='ocrx_word' id='word_1_189' title='bbox 279 2311 394 2385; x_wconf 79' lang='lat' dir='ltr'>adigitis</span> <span class='ocrx_word' id='word_1_190' title='bbox 405 2311 502 2366; x_wconf 83' lang='lat' dir='ltr'>excidit</span> <span class='ocrx_word' id='word_1_191' title='bbox 511 2330 577 2367; x_wconf 91' lang='lat' dir='ltr'>ansa</span> <span class='ocrx_word' id='word_1_192' title='bbox 587 2313 664 2368; x_wconf 85' lang='lat' dir='ltr'>meis.</span> 
     </span>
     <span class='ocr_line' id='line_1_31' title="bbox 137 2386 731 2459; baseline 0.002 -19"><span class='ocrx_word' id='word_1_193' title='bbox 137 2387 234 2441; x_wconf 84' lang='lat' dir='ltr'>Oscula</span> <span class='ocrx_word' id='word_1_194' title='bbox 244 2388 267 2441; x_wconf 90' lang='lat' dir='ltr'>si</span> <span class='ocrx_word' id='word_1_195' title='bbox 279 2394 354 2442; x_wconf 84' lang='lat' dir='ltr'>natae</span> <span class='ocrx_word' id='word_1_196' title='bbox 363 2386 482 2451; x_wconf 79' lang='lat' dir='ltr'>dederas,</span> <span class='ocrx_word' id='word_1_197' title='bbox 494 2404 543 2459; x_wconf 78' lang='lat' dir='ltr'>ego</span> <span class='ocrx_word' id='word_1_198' title='bbox 552 2389 674 2459; x_wconf 86' lang='lat' dir='ltr'>protinus</span> <span class='ocrx_word' id='word_1_199' title='bbox 685 2386 731 2441; x_wconf 88' lang='lat' dir='ltr'>illa</span> 
     </span>
     <span class='ocr_line' id='line_1_32' title="bbox 174 2460 691 2518; baseline 0 -2"><span class='ocrx_word' id='word_1_200' title='bbox 174 2463 329 2518; x_wconf 89' lang='lat' dir='ltr'>Hermiones</span> <span class='ocrx_word' id='word_1_201' title='bbox 339 2470 427 2517; x_wconf 86' lang='lat' dir='ltr'>tenero</span> <span class='ocrx_word' id='word_1_202' title='bbox 438 2460 522 2516; x_wconf 86' lang='lat' dir='ltr'>laetus</span> <span class='ocrx_word' id='word_1_203' title='bbox 532 2462 565 2517; x_wconf 91' lang='lat' dir='ltr'>ab</span> <span class='ocrx_word' id='word_1_204' title='bbox 574 2482 618 2518; x_wconf 89' lang='lat' dir='ltr'>ore</span> <span class='ocrx_word' id='word_1_205' title='bbox 627 2462 691 2518; x_wconf 85' lang='lat' dir='ltr'>tuli:</span> 
     </span>
     <span class='ocr_line' id='line_1_33' title="bbox 84 2537 787 2611; baseline -0.003 -17"><span class='ocrx_word' id='word_1_206' title='bbox 84 2550 122 2594; x_wconf 74' lang='lat'>255</span> <span class='ocrx_word' id='word_1_207' title='bbox 137 2546 161 2592; x_wconf 89' lang='lat' dir='ltr'>et</span> <span class='ocrx_word' id='word_1_208' title='bbox 171 2537 250 2593; x_wconf 91' lang='lat' dir='ltr'>modo</span> <span class='ocrx_word' id='word_1_209' title='bbox 258 2539 396 2594; x_wconf 88' lang='lat' dir='ltr'>cantabam</span> <span class='ocrx_word' id='word_1_210' title='bbox 405 2545 506 2592; x_wconf 86' lang='lat' dir='ltr'>veteres</span> <span class='ocrx_word' id='word_1_211' title='bbox 517 2540 659 2611; x_wconf 89' lang='lat' dir='ltr'>resupinus</span> <span class='ocrx_word' id='word_1_212' title='bbox 670 2554 787 2592; x_wconf 90' lang='lat' dir='ltr'>amores:</span> 
     </span>
     <span class='ocr_line' id='line_1_34' title="bbox 174 2611 776 2690; baseline 0 -24"><span class='ocrx_word' id='word_1_213' title='bbox 174 2612 286 2670; x_wconf 86' lang='lat' dir='ltr'>etmodo</span> <span class='ocrx_word' id='word_1_214' title='bbox 292 2631 343 2688; x_wconf 92' lang='lat' dir='ltr'>per</span> <span class='ocrx_word' id='word_1_215' title='bbox 353 2621 450 2673; x_wconf 89' lang='lat' dir='ltr'>nutum</span> <span class='ocrx_word' id='word_1_216' title='bbox 460 2613 539 2690; x_wconf 81' lang='lat' dir='ltr'>signa</span> <span class='ocrx_word' id='word_1_217' title='bbox 547 2613 659 2690; x_wconf 73' lang='lat' dir='ltr'>tegenda</span> <span class='ocrx_word' id='word_1_218' title='bbox 667 2611 776 2667; x_wconf 87' lang='lat' dir='ltr'>dabam:</span> 
     </span>
    </p>
   </div>
   <div class='ocr_carea' id='block_1_5' title="bbox 0 0 938 2962">
    <p class='ocr_par' dir='ltr' id='par_1_5' title="bbox 0 0 938 2962">
     <span class='ocr_line' id='line_1_35' title="bbox 0 0 938 2962; baseline 0 0"><span class='ocrx_word' id='word_1_219' title='bbox 0 0 938 2962; x_wconf 95' lang='lat' dir='ltr'> </span> 
     </span>
    </p>
   </div>
   <div class='ocr_carea' id='block_1_6' title="bbox 145 2884 282 2926">
    <p class='ocr_par' dir='ltr' id='par_1_6' title="bbox 145 2884 282 2926">
     <span class='ocr_line' id='line_1_36' title="bbox 145 2884 282 2926; baseline 0 0"><span class='ocrx_word' id='word_1_220' title='bbox 145 2884 282 2926; x_wconf 52' lang='grc' dir='ltr'><strong>Α</strong></span> 
     </span>
    </p>
   </div>
  </div>
 </body>
</html>
