1868 2962
245 191 451 238 HEROIDES.
482 191 538 236 ΕΡ.
552 191 621 238 XVI.
775 188 806 238 83

60 293 165 366 Excipit
174 292 292 364 hospitio
302 293 344 347 vir
353 309 396 346 me
406 299 478 345 tuus.
500 292 777 364 Hocquoquefactum

96 387 149 425 non
162 368 223 422 sine
232 367 343 423 oonsilio
353 367 566 438 numinibusque
575 366 664 421 deum.

62 443 105 498 Ille
114 443 228 516 quidem
238 442 360 508 ostendit,
373 441 506 514 quidquid
515 441 708 498 Lacedaemone
718 453 768 499 tota

14 519 51 589 ⁸⁸
96 517 202 574 ostendi
212 517 326 592 dignum
335 517 566 589 conspicuumque
578 516 638 572 suit.
777 554 781 559 -
823 532 861 574 130

62 593 110 649 Sed
120 593 190 648 mihi
201 591 334 647 laudatam
344 593 462 664 cupienti
474 610 579 648 eernere
590 592 711 660 formam,

22 736 25 741 Ι
96 669 211 734 lumina,
224 666 262 722 nil
273 667 355 734 aliud,
367 685 422 740 quo
430 676 594 742 caperentur,
606 677 669 725 erat.

64 745 95 798 Ut
102 743 170 810 vidi,
183 743 324 814 obstupui3
345 743 550 815 praecordiaque
561 745 655 798 intima
666 746 737 798 sensi

97 819 224 874 attonitus
234 819 305 873 curis
317 818 477 872 intumuisse
487 819 574 874 novis.

62 895 107 948 His
118 893 221 948 similes
230 893 332 960 vultus,
347 901 479 966 quantum
490 895 653 960 reminiscor,
665 895 788 959 habebat,
823 907 860 949 135

98 969 212 1024 venitin
221 969 361 1023 arbitrium
371 986 457 1041 quum
467 969 594 1043 Cytherea
607 989 707 1028 meum.

62 1043 88 1099 si
98 1053 128 1099 tu
139 1044 258 1099 venisses
267 1044 365 1114 pariter
374 1051 506 1098 certamen
516 1046 544 1099 in
554 1044 630 1111 illud,

97 1120 127 1175 in
137 1119 251 1174 dubium
260 1119 371 1175 Veneris
380 1118 468 1190 palma
478 1118 567 1174 futura
578 1119 637 1175 init.

62 1196 158 1269 Magna
169 1194 279 1266 quidem
288 1193 322 1248 de
331 1202 356 1248 te
366 1211 457 1249 rumor
466 1196 604 1266 praeconia
615 1195 683 1262 iecit,

98 1269 228 1342 nullaque
236 1268 269 1324 de
278 1269 343 1323 faeie
353 1270 439 1324 nescia
451 1279 517 1324 terra
527 1278 572 1325 tua
583 1279 636 1340 est3
823 1280 860 1324 140

64 1363 110 1400 nee
119 1345 169 1399 tibi
179 1362 228 1416 par
238 1361 354 1417 usquam
363 1345 488 1419 Phrygia,
502 1363 550 1400 neo
559 1345 623 1401 solis
633 1347 667 1400 ab
677 1353 736 1400 ortu

98 1421 169 1474 inter
178 1419 307 1476 formosas
317 1417 398 1474 altera
409 1438 507 1474 nomen
517 1421 606 1475 habet.

62 1495 155 1550 Credis
165 1502 191 1549 et
200 1495 250 1551 hoe
260 1493 357 1550 nobis‘?
375 1494 462 1549 minor
473 1502 512 1548 est
523 1503 568 1549 tua
578 1495 662 1568 gloria
672 1513 747 1550 vero:

98 1569 224 1642 famaque
233 1569 266 1624 de
275 1569 359 1625 forma
371 1586 454 1640 paene
463 1569 580 1642 maligna
591 1577 695 1624 tuaest.

61 1644 125 1700 Plus
135 1645 180 1699 hie
189 1645 306 1711 invenio,
318 1662 400 1717 quam
411 1645 484 1718 quod
492 1645 649 1716 promiserat
658 1645 718 1699 ilia:
822 1654 860 1699 145

97 1728 124 1776 et
133 1728 180 1775 tua
188 1721 297 1775 materia
306 1720 390 1794 gloria
399 1721 469 1776 vieta
478 1738 527 1775 sua
537 1727 586 1775 est.

59 1798 132 1869 Ergo
142 1797 207 1850 arsit
216 1796 318 1862 merito,
329 1797 376 1868 qui
387 1805 494 1852 noverat
503 1797 603 1861 omnia,
615 1797 742 1862 Theseus,

98 1878 124 1926 et
132 1871 310 1926 visaestanto
320 1871 400 1946 digna
410 1872 502 1943 rapina
512 1872 580 1938 viro,

61 1963 134 2002 more
143 1954 205 2001 tuae
212 1946 300 2021 gentis
309 1946 392 2001 nitida
403 1946 469 2002 dum
479 1946 551 2001 nuda
559 1946 687 2019 palaestra

98 2020 181 2087 ludis,
193 2021 345 2077 etesnudis
354 2021 452 2077 femina
463 2023 541 2077 miste
550 2023 626 2078 viris.
823 2035 861 2076 155

61 2095 139 2164 Quod
148 2096 246 2168 rapuit,
259 2095 350 2152 laudo:
365 2097 456 2163 miror,
468 2097 541 2170 quod
550 2097 663 2153 reddidit
673 2114 804 2170 unquam.

97 2173 165 2226 Tam
174 2171 245 2227 bona
253 2179 402 2227 constanter
411 2173 507 2245 praeda
517 2173 628 2228 tenenda
638 2173 696 2229 fuit.

60 2247 130 2303 Ante
139 2247 291 2302 recessisset
300 2255 380 2318 eaput
388 2248 439 2303 hoe
448 2248 549 2303 cervice
558 2256 676 2314 eruenta,

97 2322 265 2396 quamtude
274 2321 398 2377 thalamis
408 2323 587 2379 abstraherere
595 2324 672 2379 meis.

60 2399 239 2454 Tenemanus
248 2415 370 2470 unquam
381 2405 484 2454 nostrae
493 2399 623 2454 dimittere
633 2395 748 2454 vellent?
823 2409 861 2462 555

98 2474 172 2529 Tene
181 2489 240 2529 meo
249 2481 351 2545 paterer
359 2473 439 2529 vivus
448 2474 522 2529 abire
530 2474 610 2529 sinu?

60 2547 88 2604 Si
98 2547 234 2604 reddenda
242 2547 320 2615 iores,
331 2547 434 2621 aliquid
443 2557 532 2605 tamen
542 2557 602 2605 ante
611 2546 752 2604 tulissem.

98 2641 148 2679 neo
156 2624 657 2684 Vanusextotonostrafuissetiners.

56 2696 103 2751 Vel
109 2704 154 2748 tua
165 2695 305 2767 virginitas
313 2706 387 2758 esset
399 2701 499 2776 libata,
512 2705 559 2767 vel
570 2705 662 2777 iliud,

682 2795 704 2852 i
717 2797 744 2853 θλ
