1868 2962
128 150 178 206 232
264 171 267 175 ·
319 156 348 202 Ρ.
369 155 682 203 ov1u11uasou1s
738 138 756 187 -’

167 274 232 313 neve
241 257 317 330 queri
328 257 413 329 possit
422 256 488 313 dura
500 255 596 317 luisse.
617 274 691 313 cave.

129 332 225 387 Oscula
236 333 284 405 qui
295 333 403 398 sumsit,
424 333 448 386 si
458 350 512 388 nou
522 340 656 386 etcaetera
665 332 776 398 sumsit,

75 422 113 464 utu
166 408 230 462 haec
240 425 357 480 quoque,
370 425 423 479 qua
432 407 491 462 data
502 416 574 472 sunt,
587 406 697 478 perdere
706 407 868 481 dignuserat

58 530 60 535 .
128 481 265 549 Quantum
276 482 394 538 defuerat
403 482 481 554 pleno
496 481 741 553 pestcsculovotcl

165 559 213 612 Hei
224 558 307 612 milril
330 557 474 621 rusticitas,
496 575 550 612 ncn
559 556 648 628 pudor
657 556 704 612 ille
715 555 777 613 tuit.
832 574 834 578 ·

128 633 191 688 Vim
202 631 262 688 licet
272 632 417 704 appellent,
438 640 513 705 grata
523 639 564 685 est
572 632 615 686 vis
626 632 678 687 istu
687 631 804 704 puellis:

167 708 240 779 quod
250 709 333 772 iuvat,
355 706 454 762 invitae
463 723 542 777 saepe
551 705 658 762 dedisse
669 706 777 764 volunt.

75 793 115 837 ctt
130 781 312 854 Quaecunque
322 790 361 836 est
371 782 481 836 Veneris
493 781 582 836 subita
592 781 688 837 violata
698 782 805 855 rapina‘,

168 856 278 931 gaudet:
299 865 325 911 et
334 856 490 928 improbitas
501 857 622 912 muneris
634 857 721 912 instar
733 857 823 913 habet.

130 933 251 1004 atquae,
272 948 358 1004 quum
368 940 457 1002 posset
466 932 538 1005 cogi,
561 949 614 987 non
625 939 693 987 tacta
704 934 823 999 recessit,

168 1024 254 1079 quum
267 1004 375 1061 simulet
384 1007 461 1061 vultu
471 1006 578 1081 gaudia,
600 1007 684 1062 tristis
693 1008 755 1064 erit.

130 1082 280 1153 Vim'passa
290 1081 457 1150 estPhcebe;
478 1082 520 1137 vis
529 1092 569 1136 est
578 1081 651 1137 illata
662 1085 763 1139 scrori:

77 1170 116 1213 att
168 1165 194 1212 et
234 1165 293 1212 atus
302 1157 385 1229 raptis
395 1154 483 1229 raptcr
492 1165 604 1229 uterque
614 1156 674 1213 furt.

131 1233 205 1287 Pabu
218 1242 301 1287 ancta
312 1233 438 1305 quidem,
459 1232 507 1288 sed
518 1250 570 1289 non
579 1232 691 1306 indigna
701 1233 806 1301 referri,

168 1306 273 1380 Scyrias
284 1308 428 1363 Haemonio
437 1308 507 1363 victa
516 1306 605 1379 puella
615 1308 684 1364 viro.

131 1383 186 1436 Iam
197 1381 243 1435 dea
256 1381 375 1437 laudatae
386 1382 493 1438 dederat
503 1382 573 1438 mala
583 1383 702 1454 praemia
712 1382 824 1452 formae,

167 1455 232 1511 colle
242 1457 293 1512 sub
304 1457 380 1513 ldaeo
389 1458 496 1513 vincere
505 1457 586 1532 digna
596 1458 674 1514 duas.

77 1543 116 1586 585
131 1533 186 1586 lam
198 1550 284 1587 nurus
294 1533 328 1587 ad
339 1534 476 1589 Priamum
485 1533 592 1588 diverso
602 1541 712 1589 venerat
720 1536 800 1605 orbe;

169 1607 302 1679 Graiaque
312 1608 341 1663 in
352 1609 438 1663 Iliacis
449 1608 590 1664 moenibus
600 1626 669 1665 uxor
679 1618 748 1666 erat.

131 1681 256 1737 Iurabant
265 1700 358 1737 omnes
368 1683 396 1738 in
409 1682 471 1738 laesi
486 1683 567 1739 verba
576 1684 682 1739 mariti:

169 1774 231 1811 nam
241 1755 315 1813 dolcr
325 1757 417 1823 unius,
439 1757 546 1830 publica
556 1777 650 1814 caussa
662 1758 723 1815 tuit.

131 1832 228 1903 Turpe,
251 1832 302 1886 nisi
313 1833 363 1888 hcc
372 1835 465 1888 matris
475 1834 598 1905 precibus
604 1834 753 1902 tribuisset,
765 1835 868 1893 Achille

77 1917 115 1961 ctu
167 1916 240 1962 veste
250 1907 338 1964 virum
351 1909 428 1983 longa
439 1909 625 1964 dissimulatus
638 1917 704 1967 erat.

131 1980 201 2048 Quid
212 1980 286 2048 lacis,
301 1983 431 2039 Aeacide?
449 1985 508 2040 Non
521 1993 586 2039 sunt
595 1992 640 2040 tua
651 2002 766 2043 munera
776 1986 859 2044 lanae.

169 2058 208 2112 Tu
219 2057 310 2113 titulos
321 2058 370 2113 alia
383 2058 497 2114 Palladis
507 2066 561 2115 arte
571 2067 639 2132 pete.

131 2131 201 2198 Quid
212 2133 259 2187 tihi
271 2133 468 2189 cumcalathis‘l
486 2133 689 2208 Clypcomanus
695 2143 757 2206 apta
763 2135 868 2192 ferendo

169 2209 253 2263 Pensa
264 2209 329 2280 quid
342 2210 369 2264 in
381 2209 483 2274 dextra,
504 2227 558 2281 qua
570 2209 646 2264 cadet
654 2210 760 2277 Hector,
782 2209 868 2267 habes*

77 2293 115 2336 ttt
134 2283 218 2337 Reiice
227 2284 375 2340 succinctcs
385 2302 495 2356 operoso
504 2284 619 2339 stamine
630 2283 715 2340 lusos.

168 2356 324 2423 Quassanda
333 2371 372 2414 est
381 2360 431 2414 ista
441 2358 524 2414 Pelias
538 2360 613 2414 hasta
624 2377 718 2415 manu.

131 2431 208 2486 Ferte
217 2443 271 2488 erat
282 2438 309 2489 in
320 2434 436 2488 thalamo
446 2435 522 2508 virgo
533 2433 629 2508 regalis
639 2433 748 2490 eudem:

86 2538 87 2542 κ
170 2505 741 2580 haecillumstuprccomperitessevirum.

131 2579 242 2636 Viribus
255 2582 301 2638 illa
311 2584 421 2655 quidem
433 2584 503 2638 victa
513 2594 567 2653 est;
600 2585 635 2638 ita
645 2584 752 2640 credere
766 2592 866 2657 opertet

77 2666 116 2711 tut
168 2654 215 2713 sed
224 2656 310 2713 voluit
319 2660 391 2717 vinci
402 2658 506 2717 viribus
516 2658 561 2714 illa
571 2667 670 2715 tamen.
755 2671 758 2676 '

56 2900 181 2926 *a
