1868 2962
139 168 188 221 200
328 171 357 217 Ρ.
378 169 505 217 ov1n11
523 170 693 217 NASONIS

174 270 217 327 Ah
228 269 309 326 nimis
319 288 353 327 ex
362 288 425 328 vero
435 288 508 327 nunc
517 270 567 326 tibi
580 287 679 327 nomen
691 270 758 328 eriri

84 361 96 402 5
138 346 184 401 ille
194 345 233 400 tui
244 355 317 402 vates
326 347 424 419 operis,
445 340 581 411 treisma,
603 345 730 401 Tibullus

175 420 248 476 ardet
256 423 284 478 in
295 431 437 487 exstructo,
458 422 656 494 corpusinanrr,
676 438 751 496 rogo.

137 497 205 552 Eoos
215 514 282 568 puer
291 498 401 555 Veneris
412 496 462 553 fert
470 513 646 568 eversamque
656 497 818 570 pharetram,

175 582 201 626 et
211 571 305 629 fractos
316 591 403 639 arcus,
424 581 450 627 et
459 572 519 627 sine
529 571 587 626 luoe
597 569 693 627 faoem.

138 647 262 719 Adspice,
283 649 408 703 demissis
418 657 449 702 ut
457 656 500 702 eat
510 645 672 702 miserabilis
682 646 747 716 elis3

84 735 110 778 10
176 722 641 796 pectoraqueiufssratundataperra
651 739 745 778 manu.

137 798 284 870 Excipiunt
297 798 419 853 lacrimas
429 798 515 870 sparsi
526 814 573 869 per
581 796 649 853 colla
659 797 761 869 capilli,

176 890 275 945 oraque
285 873 407 947 singultu
417 873 581 928 concutiente
591 879 697 927 sonent.

139 948 239 1003 Fratris
250 949 277 1003 in
287 949 391 1004 Aeneae
400 949 440 1003 sic
449 946 526 1003 illum
537 946 630 1002 funere
639 946 734 1003 dicunt

176 1041 314 1098 egressum
324 1025 408 1089 tectis,
429 1022 615 1095 pulcherime,
638 1023 701 1077 tuis.

84 1111 109 1153 15
138 1100 192 1154 Nec
203 1099 294 1154 minus
304 1098 462 1154 estooniusa
473 1099 574 1163 Venus,
594 1097 723 1152 moriente
733 1096 849 1166 Tibullo,

176 1192 258 1246 quem
269 1174 375 1229 iuvenis
385 1174 457 1245 rupit
467 1191 553 1245 quum
563 1171 635 1227 ferus
645 1173 748 1247 inguen
757 1191 832 1246 aper.

138 1248 173 1303 At
181 1250 248 1304 sacri
258 1258 331 1304 vetes
341 1257 367 1303 et
377 1249 471 1304 divum
482 1265 545 1303 cura
555 1265 696 1304 veremur:

177 1333 241 1378 sunt
250 1325 339 1388 etiem,
360 1323 407 1396 qui
420 1341 468 1379 nos
478 1340 579 1378 numen
590 1323 688 1378 habere
696 1330 804 1396 putent.

139 1398 243 1454 Scilicet
252 1416 331 1454 omne
343 1415 449 1454 ssorum
459 1416 532 1455 mors
543 1399 694 1470 importuna
704 1398 841 1471 profanat:

85 1485 110 1528 20
176 1474 303 1530 omnibus
313 1475 441 1530 obscures
451 1475 538 1530 iniicit
549 1473 595 1529 ilia
608 1491 717 1530 manus.

140 1548 210 1615 Quid
223 1552 425 1622 patermutio,
446 1550 514 1623 quid
524 1559 607 1604 meter
616 1549 726 1621 profuit,
747 1546 869 1622 Orpheo?

177 1626 295 1680 carmine
304 1626 371 1698 quid
381 1627 465 1681 victas
475 1624 648 1697 obstupuisse
657 1623 747 1680 ieras?

139 1698 252 1755 Aelinon
266 1701 293 1754 in
305 1700 382 1754 silvis
394 1700 464 1755 idem
474 1709 562 1772 peter,
583 1700 703 1765 selinon,
725 1698 788 1755 eltis

176 1773 274 1828 dicitur
285 1774 367 1829 invite
377 1775 546 1830 eoncinuisss
555 1775 623 1850 lyra.

86 1860 110 1904 25
138 1847 253 1920 Adspice
262 1850 427 1916 Maeoniden,
449 1869 538 1924 aquo.
558 1868 606 1905 ceu
619 1848 691 1906 fonte
699 1850 825 1922 perenni,

177 1932 268 1979 vetum
281 1926 373 1980 Pieriis
382 1944 427 1982 ora
439 1927 559 2000 rigantur
568 1926 661 1998 aquis3

139 1998 212 2055 hunc
221 2017 330 2072 quoque
339 2020 446 2057 summa
456 2002 513 2058 dies
524 2001 600 2075 nigro
609 1999 756 2055 submersit
767 2001 883 2057 Averno:

177 2074 323 2149 diffugiunt
332 2076 425 2132 avidos
436 2077 554 2132 carmina
567 2075 624 2132 sola
635 2093 722 2150 rogos.

139 2151 222 2205 Durat
232 2169 301 2223 opus
310 2161 413 2217 vatum,
435 2152 541 2209 Troiani
553 2151 623 2206 ieme
636 2148 745 2218 laboris,

87 2235 111 2279 3⁰
178 2227 306 2299 tardaque
316 2236 445 2284 nocturno
454 2227 505 2283 tela
516 2236 614 2282 retexta
623 2225 695 2282 dolo.

141 2299 185 2355 Sic
194 2303 315 2357 Nemesis
326 2302 451 2376 longum,
473 2304 512 2358 sic
524 2302 607 2368 Delia,
629 2319 727 2358 nomen
741 2300 885 2363 habebunt.

178 2377 258 2432 altera
268 2396 331 2434 cure
342 2395 442 2442 reeens,
463 2378 543 2433 altera
552 2379 657 2449 primus
667 2393 753 2432 emor.

142 2448 215 2516 Quid
228 2471 301 2510 nunc
312 2471 387 2508 sacra
396 2451 509 2508 iuvant?
527 2453 593 2524 quid
605 2469 678 2508 nunc
687 2452 821 2527 Aegyptia
830 2468 887 2524 pro-

103 2544 105 2546 ·
281 2544 284 2550 ’
618 2535 682 2583 sunt

177 2598 277 2656 sistra?
295 2604 363 2679 quid
377 2604 407 2660 in
415 2619 500 2660 vecuo
509 2602 665 2659 secubuisse
673 2599 749 2657 toro?

70 2684 101 2731 3⁵
130 2672 857 2758 Quumrepientmesss{emisenusxigssseiieissssex

260 2846 378 2913 fr*
