1868 2962
250 165 428 214 REMEDIA
446 165 598 214 AMORIS.
751 163 801 217 285

52 265 119 333 Qui,
141 265 194 321 nisi
203 265 320 332 desierit,
342 266 438 322 misero
448 267 582 337 periturus
592 285 680 325 amore
691 275 744 337 est3
806 266 811 274 “

93 340 210 397 desinat:
232 349 257 396 et
267 341 335 396 nulli
344 341 447 396 funeris
456 349 546 398 auctor
554 342 616 398 eris.

52 418 166 488 Etpuer
178 434 220 484 es;
242 434 291 472 nec
303 417 493 490 nequicquam,
510 417 564 472 nisi
574 416 673 485 ludere,
690 426 799 490 oportet.

94 491 183 546 Lude:
204 491 296 546 decent
305 510 389 548 annos
399 492 489 548 mollin
499 510 581 567 regna
591 500 661 549 tuos.
842 556 844 561 ,

53 568 126 622 Nam
135 574 238 638 poteras
248 568 287 621 uti
299 567 379 622 nudis
389 568 423 623 nd
432 567 500 623 bella
509 566 628 642 sagittis:
832 579 857 620 25

95 641 144 696 eed
154 650 197 696 tue
208 642 341 698 mortifero
350 643 481 716 sanguine
490 642 540 698 telo
553 650 652 698 carent.

55 717 176 775 Vitricus
187 725 212 771 et
220 715 318 791 gladiis
328 725 354 771 et
363 726 439 773 acuto
449 717 556 773 dimioet
565 718 655 774 hasta:

95 800 122 848 et
130 792 214 847 vietor
224 791 308 847 multe
320 791 398 847 caede
409 802 536 848 cruentus
546 801 596 849 eat.
676 832 682 842 ,

55 869 99 923 Tu
108 865 315 933 oolemeternos,
336 875 392 923 tuto
401 868 502 940 quibus
512 869 623 935 utimur,
644 875 726 923 artes:

95 950 122 998 et
131 959 247 1015 quarum
257 942 323 998 vitio
333 941 406 997 nulla
417 943 447 998 sn
455 943 519 999 orba
528 961 635 1016 parens.

58 1016 595 1091 Efficenooturnairnngnturinnuerim,

95 1100 122 1148 et
130 1101 199 1166 tegat
208 1101 313 1147 ornatas
323 1091 405 1146 muita
419 1109 514 1149 oorona
524 1093 603 1149 iores.

58 1169 112 1224 Fac
121 1171 213 1222 coeant
222 1167 315 1222 furtim
324 1167 444 1235 iuvenes,
465 1168 627 1242 timidaeque
637 1167 754 1241 puellae:

95 1242 232 1314 verboque
241 1241 305 1296 dent
313 1250 389 1297 cauto
399 1241 518 1314 qualibet
527 1251 581 1299 arte
592 1245 662 1301 viro:

58 1325 84 1372 et
93 1317 173 1373 modo
182 1316 333 1383 blanditias,
354 1317 441 1390 rigido
451 1318 529 1374 modo
538 1319 624 1394 iurgia
633 1318 701 1391 posti

96 1392 176 1458 dicat,
198 1401 223 1447 et
232 1391 357 1448 exclusus
370 1392 455 1448 ssebiie
467 1401 553 1449 cantet
562 1412 665 1450 amans.

59 1468 107 1523 liis
117 1466 234 1522 lacrimis
241 1475 381 1523 oontentus
391 1468 443 1521 eris
453 1469 512 1523 eine
524 1469 637 1523 crimine
646 1470 752 1524 mortis:

98 1559 147 1598 neo
156 1550 201 1598 tua
210 1541 256 1598 fax
268 1542 360 1598 avidos
369 1541 450 1616 digna
463 1543 555 1598 subire
565 1560 653 1616 rogos.

61 1620 129 1674 Haeo
139 1635 197 1692 ego.
227 1617 310 1673 Movit
319 1617 401 1673 Amor
410 1626 557 1690 gemmatas
568 1635 664 1673 aureus
677 1616 746 1686 ales;

98 1693 211 1758 etmihi,
232 1693 400 1765 Propositum
410 1694 514 1765 perfice,
535 1693 612 1759 dixit,
631 1710 710 1766 opuS.

60 1769 102 1825 Ad
113 1786 181 1834 men,
200 1768 300 1840 decepti
312 1768 431 1833 iuvenes,
452 1777 587 1841 praecepte
598 1770 695 1837 venite,

98 1861 169 1917 quos
178 1861 246 1899 suus
255 1861 289 1899 ex
298 1844 371 1900 omni
382 1852 454 1915 parte
465 1843 557 1898 ieieiiit
565 1862 649 1900 emor.

60 1920 158 1976 Discite
167 1919 266 1985 senari,
286 1934 424 1991 perquem
433 1917 564 1973 didicistis
575 1936 677 1975 emere:

99 2012 155 2052 une
164 2011 262 2050 monus
271 1995 348 2051 vobis
357 1993 459 2049 vuinus
468 2011 600 2066 opemque
612 1993 684 2051 ieret.

62 2072 141 2127 Terra
151 2069 299 2126 salutiferos
310 2069 415 2134 herbas,
435 2070 581 2143 eodemque
591 2077 712 2127 nocentes

100 2145 197 2214 nutrit3
218 2154 244 2200 et
253 2147 351 2201 urticae
360 2145 481 2217 proxima
490 2163 568 2218 saepe
579 2154 695 2202 rosnest

62 2220 169 2279 Vulnus
179 2220 298 2278 Achilleo
307 2238 376 2294 quae
385 2221 522 2293 quondam
533 2221 627 2278 iecerat
636 2220 716 2287 hosti,

99 2295 220 2353 vulneris
231 2295 362 2352 auxilium
372 2295 458 2351 Pelias
468 2296 542 2353 hosta
552 2297 622 2354 tulit.
718 2326 722 2333 ·

46 2396 50 2404 ·
61 2371 114 2428 Sed
124 2388 301 2445 quaeeunque
310 2372 386 2438 viris.
397 2372 474 2428 vobis
483 2390 592 2445 quoque
601 2371 680 2435 dicta,
692 2368 804 2442 puellae,

100 2447 206 2502 credite.
236 2447 354 2503 Diversis
363 2447 485 2519 pertibus
495 2465 568 2503 arma
577 2446 684 2501 damus.
731 2474 734 2479 >
837 2457 848 2496 5

60 2527 98 2582 De
114 2523 217 2595 quibus
225 2521 259 2577 nd
268 2529 370 2578 vestros
380 2522 402 2576 si
412 2521 479 2594 quid
490 2540 542 2578 non
552 2520 664 2594 pertinet
673 2537 755 2590 usus3

44 2616 47 2623 ·
100 2605 217 2654 attamen
226 2595 349 2670 exemplo
358 2596 442 2653 multa
451 2597 654 2671 dooerepoteet.

25 2676 33 2689 '
59 2672 127 2726 Utile
130 2672 303 2744 propositum
313 2681 364 2744 est,
380 2692 478 2735 saevas
488 2675 661 2754 extinguere
669 2669 830 2729 pernrewt
