1868 2962
149 151 197 205 ⁴92
343 154 372 200 P.
393 152 518 200 cvrurr
537 151 704 198 ursours
742 136 746 141 ’

183 263 208 310 et
217 245 288 326 turpi
298 262 400 309 crassas
409 253 515 329 gurgite
524 252 609 311 volvis
618 271 715 327 aquas.

147 330 218 397 Quid
227 347 383 402 properasse
391 327 483 384 iuvat?
500 328 567 402 quid
576 346 657 400 parva
667 327 776 382 dedisse
785 325 842 407 quie

94 420 119 460 ro
184 403 319 477 tempora?
338 405 405 479 quid
415 404 484 460 nocti
495 404 662 460 conseruisse
670 402 755 467 diem,

147 481 170 534 si
180 488 268 536 tamen
278 479 471 548 hicstaudum3
492 480 515 533 si
526 498 579 535 non
589 479 666 533 datur
676 477 781 532 artibus
791 476 842 531 ulli

167 570 172 579 ·
184 555 292 613 ulterior
303 564 392 628 nostro
401 555 458 626 ripa
468 554 612 627 premenda
621 551 703 626 pedi?

147 631 226 686 Nunc
235 649 292 706 ego,
313 648 382 704 quas
391 630 485 686 hahuit
494 646 595 700 pennas
605 628 739 684 Danaeius
750 627 839 694 heros,

184 707 295 761 terribili
305 705 419 761 densum
432 722 519 778 quum
529 703 590 759 tulit
601 722 635 758 an
675 711 797 775 ecaput3

94 795 119 835 15
148 799 221 836 nuuc
229 789 291 854 opto
300 798 425 848 currum,
446 780 542 852 dequo
554 721 801 908 Cereaffiprimum

185 857 288 912 semina
296 863 426 913 venerunt
436 854 463 910 in
478 854 543 909 rude
557 855 639 909 missa
650 871 680 909 so
692 872 751 909 um.

148 931 300 1006 Prodigiosa
311 931 404 1004 loquor
415 938 534 986 veterum
544 928 680 985 mendacia
691 937 797 984 vatum.

185 1008 244 1062 Non
256 1006 315 1061 tulit
325 1007 389 1062 haec
397 1023 529 1078 unquam,
551 1022 599 1065 nec
608 1003 673 1059 leret
684 1003 741 1059 ulla
751 1004 821 1059 dies.

149 1083 189 1137 Tu
199 1082 303 1154 potius,
323 1081 389 1154 ripis
401 1081 483 1137 eliuse
493 1080 635 1152 capacibus
644 1080 744 1145 amuis,

95 1169 119 1210 20
185 1158 224 1212 sic
233 1167 355 1212 aeternus
365 1175 419 1223 eas,
441 1156 528 1211 labere
538 1156 590 1211 fine
601 1162 656 1210 tuo.

147 1232 206 1287 Nou
216 1233 268 1286 eris
279 1232 404 1298 invidiae,
425 1239 537 1296 torrens,
558 1229 723 1296 mihicrede,
743 1228 842 1295 ferendi

185 1308 207 1360 si
218 1306 290 1361 dicar
299 1324 347 1378 per
357 1316 381 1361 te
392 1304 456 1363 forte
466 1313 582 1362 retentus
596 1323 701 1369 amane.

148 1381 273 1439 Flumina
286 1382 411 1437 deberent
422 1382 532 1437 iuvenes
543 1381 570 1436 in
580 1398 669 1436 amore
680 1380 789 1439 iuvare:

185 1455 295 1512 flumina
306 1467 446 1513 senserunt
456 1457 527 1530 ipsa,
548 1456 615 1530 quid
625 1463 694 1511 esset
702 1473 789 1519 emor.

95 1544 119 1586 25
148 1532 262 1587 lnachus
273 1533 300 1588 in
311 1535 387 1589 blelie
397 1533 539 1607 Bithynide
548 1531 665 1604 pallidus
677 1533 732 1587 isse

185 1607 291 1672 dicitur,
312 1617 338 1662 et
345 1608 441 1682 gelidis
453 1607 595 1663 incaluisse
605 1606 690 1662 vadis.

148 1681 274 1737 Nondum
285 1683 361 1738 Troia
371 1682 422 1737 luit
433 1682 524 1738 lustris
533 1683 642 1745 obsessa
651 1681 770 1747 duobus,
787 1744 791 1751 ἢ

185 1773 271 1828 quum
282 1759 370 1829 rapuit
380 1757 481 1824 vultus,
502 1758 617 1823 Xantho,
638 1758 738 1813 Neaera
751 1766 822 1812 tuos.

150 1831 239 1897 Quint
258 1852 312 1890 uon
321 1834 441 1905 Alpheon
451 1833 564 1888 diversis
573 1849 678 1887 currere
689 1833 767 1892 terris

96 1918 121 1959 ec
186 1908 300 1982 virginis
309 1909 435 1965 Arcadiae
443 1918 530 1964 certus
541 1908 628 1983 adegit
638 1906 733 1963 amor?

150 1982 185 2037 Te
194 2000 302 2056 quoque
312 1985 471 2056 promissam
482 1984 599 2048 Xantho,
620 1983 714 2049 Pence,
736 1981 842 2039 Creiisar

187 2059 340 2113 Phthioturn
351 2060 426 2113 terris
435 2059 583 2114 occuluisse
593 2056 691 2112 lerunt.

150 2132 221 2201 Quid
230 2133 340 2188 referam
352 2137 468 2205 Asopon,
489 2151 570 2205 quem
580 2133 650 2204 cepit
660 2133 756 2188 Martia
769 2133 842 2189 Theb

188 2218 310 2264 natarum
322 2209 411 2264 Thebe
419 2209 541 2281 quinque
551 2208 639 2263 lutura
650 2207 768 2337 parens?

97 2294 121 2336 35
150 2284 254 2341 Cornua
265 2285 287 2339 si
299 2293 344 2339 tua
355 2285 482 2339 nuncubi
494 2285 558 2348 sint,
577 2283 648 2338 Ache
659 2285 700 2349 ob,
721 2285 842 2358 requirar

188 2359 308 2416 herculis
319 2361 384 2414 irata
395 2359 475 2414 fracta
485 2376 595 2432 querere
605 2375 698 2414 mauu.

51 2501 52 2504 Ἴ
150 2436 204 2490 Nec
213 2437 278 2491 tanti
291 2434 419 2510 Calydon,
441 2451 489 2489 nec
498 2443 550 2491 tota
561 2433 661 2490 Aetolia
674 2434 756 2504 tanti3

189 2528 241 2566 una
252 2520 340 2566 tamen
352 2510 416 2566 tanti
426 2511 547 2565 Deianira
561 2510 621 2565 luit.

141 2583 731 2663 lllelluensdivesseptenaperostiallilus,
785 2588 788 2593 '

73 2670 101 2717 lc
175 2667 227 2742 qui
240 2669 367 2745 patriam
378 2673 541 2728 tanhaeim
548 2657 804 2731 henutkhutaquuo,
