1868 2962
237 173 444 255 Hunomus
472 169 526 219 ιι.
540 175 629 219 xvrn.
718 121 885 351 &Q

84 273 200 340 literas
191 290 247 328 ram
256 272 327 328 lasso
335 272 439 345 polhoe
450 272 527 329 srstat
535 291 611 345 opus
732 216 925 354 ύΙὲζχῴῆ

59 348 164 405 Caetera
184 366 233 421 per
252 349 337 404 socias
355 347 502 422 Clymenen
523 347 701 423 Aethramque
745 334 827 449 sps
828 335 928 437 Ψῑρῗ

552 442 676 496 quemur,
790 459 821 495 ,;
848 472 864 495 Ι
897 437 928 488 of

94 516 167 574 quae
180 498 249 554 mihi
259 504 323 553 sunt
334 498 443 554 comites
456 498 655 572 consiliumque
663 500 740 556 duae
822 505 829 518 ”
867 536 870 541 -
901 512 928 541 ²

216 705 474 763 EPISTOLA
517 708 646 764 XVHL

185 823 674 906 unaunnnunnonl.

60 941 149 1006 Mattrt
158 947 316 1024 Abydenus
327 966 410 1022 quam
422 948 597 1016 malletferre‚
610 949 733 1017 salutem,

97 1045 121 1081 sr
114 1024 256 1081 cadatur
266 1041 358 1090 mans
370 1023 437 1079 Sesta
447 1025 545 1096 puella
555 1025 614 1080 tibi.

61 1102 88 1158 Si
97 1101 167 1156 mihi
176 1099 205 1156 di
215 1098 305 1154 faciles
315 1107 413 1155 etsunt
422 1099 450 1156 in
464 1118 552 1155 amore
562 1101 681 1166 secundi,

97 1176 191 1233 invitis
201 1173 287 1231 oculis
296 1174 361 1230 haec
368 1192 427 1230 mea
437 1176 516 1231 verba
527 1174 607 1250 leges.

61 1253 111 1309 Sed
120 1269 175 1308 non
186 1257 250 1305 sunt
259 1249 363 1306 faciles:
385 1269 447 1306 nam
456 1268 504 1306 eur
514 1269 571 1306 mee
582 1259 642 1307 vota
652 1260 797 1318 morantur,
848 1267 859 1307 5

95 1343 203 1384 currere
211 1343 254 1380 me
263 1332 324 1381 nota
336 1343 385 1381 nee
393 1326 532 1413 potiuntur
541 1327 629 1398 aqua?

60 1406 120 1476 Ipsa
130 1401 207 1458 vides
219 1399 359 1457 coelum
331 1417 390 1474 prce
400 1402 514 1476 nigrius,
526 1410 551 1456 et
561 1401 625 1456 freta
634 1403 721 1457 ventis

96 1476 215 1542 turbida,
226 1494 327 1548 perque
336 1493 415 1532 cavas
424 1477 472 1531 vix
481 1477 602 1530 adeunda
612 1485 689 1530 rates.

62 1556 147 1619 Unus,
159 1559 185 1607 et
194 1551 345 1618 hioaudax,
360 1569 438 1623 aquo
448 1552 496 1605 tibi
509 1551 582 1606 litera
596 1559 684 1606 nostra

98 1628 341 1699 redditur,aportu
353 1626 440 1682 navita
451 1627 535 1682 movit
545 1627 603 1680 iter.
835 1642 879 1684 ια’

60 1704 248 1773 Adscensurus
258 1719 340 1768 eram,
348 1703 401 1758 nisi
411 1702 493 1774 quod,
500 1720 586 1774 quum
597 1701 704 1757 vincula
713 1721 807 1775 prorae

98 1778 221 1844 solveret,
234 1777 262 1832 in
273 1778 389 1849 speculis
398 1778 487 1834 omnis
497 1778 607 1852 Abydos
618 1787 681 1832 erat.
740 1792 741 1796 ’

60 1857 120 1910 Non
129 1861 248 1927 poteram
258 1852 342 1908 celare
352 1871 434 1919 meos
445 1853 600 1918 volutante
612 1861 747 1924 parentes:

97 1946 234 2017 quemque
244 1929 296 2003 tegi
307 1928 442 1993 volumus,
455 1947 509 1984 non
520 1928 639 1983 latuisset
648 1947 730 1985 amor.

61 2004 398 2070 Protinushaeosoribens‚
410 2004 514 2070 Felixs
505 2023 525 2069 1,
538 2004 621 2070 litera,
632 2003 703 2060 dixi.
836 2017 860 2058 15

98 2081 152 2136 iam
162 2080 211 2136 tibi
225 2078 367 2135 formosam
379 2078 683 2154 porrigetillamanum
849 2088 851 2092 ’

60 2156 183 2213 Forsitan
194 2154 307 2211 admotis
318 2155 397 2210 etiam
407 2163 514 2242 tangere
526 2154 639 2222 labellis,

98 2247 224 2304 rumpere
232 2229 336 2285 dum
309 2248 387 2286 nrveo
397 2229 505 2286 vincula
514 2230 592 2286 dente
603 2231 683 2287 volet.

60 2307 173 2363 Talibus
183 2305 281 2381 exiguo
290 2305 368 2361 dietis
378 2305 445 2361 mihi
456 2322 594 2363 murmure
603 2306 702 2372 verbis,

96 2382 211 2438 caetera
207 2398 270 2437 oum
280 2381 370 2436 charta
380 2381 471 2436 dextra
481 2381 583 2439 locuta
577 2400 635 2436 mea
644 2390 693 2436 est.
837 2395 862 2436 ιο

59 2459 102 2515 Ah
111 2464 215 2532 quanto
224 2456 342 2523 mallem,
354 2475 436 2530 quam
446 2457 581 2523 scriberet,
593 2457 639 2512 illa
649 2463 759 2523 nataret,

97 2550 196 2606 meque
205 2550 253 2605 per
262 2540 381 2587 assuetas
392 2533 483 2588 sedula
494 2532 573 2587 ferret
585 2549 668 2605 aquas
678 2534 684 2590 1

60 2610 154 2682 Aptior
164 2606 209 2662 illa
220 2608 327 2679 quidem
335 2607 443 2682 placido
452 2608 518 2668 dare
526 2609 756 2686 verberapomo:

87 2689 225 2741 esttamen
237 2691 371 2744 etsensus
383 2697 448 2768 apta
459 2689 598 2749 ministra
609 2691 684 2749 me‘r.

677 2777 746 2836 (ὶῆ-
