1868 2962
70 177 72 181 ·
130 149 179 204 l52
328 153 356 198 P.
378 150 507 197 ovlnn
525 150 693 197 NASONIS

164 253 222 310 vela
234 251 340 309 colorati
351 252 440 326 qualia
451 251 527 307 Seres
537 251 654 306 habent?

129 330 170 386 vel
181 329 248 401 pede
257 329 330 401 quod
339 328 431 402 gracili
442 327 550 382 deducit
562 345 656 382 aranea
668 327 758 395 filum,

165 422 252 478 quum
263 404 321 460 leve
330 405 431 460 deserta
442 405 494 458 sub
505 403 578 456 trabe
589 404 669 457 nectit
681 421 762 475 opus.

128 483 183 536 Nec
192 488 279 536 minen
291 491 345 535 ater
354 488 423 546 erat,
445 487 557 534 necerat
566 488 654 533 tamen
665 495 766 534 aureus
778 478 837 544 illis

74 570 100 611 to
166 555 228 621 sed,
269 556 375 611 uamvis
386 564 490 620 neuter,
512 555 611 609 mistus
621 562 735 626 uterque
747 554 832 611 color:

128 631 236 705 qualem
247 573 361 686 clivosae
371 630 486 686 madidis
498 629 524 684 in
537 628 654 684 vallibus
664 629 727 684 ldae

166 706 250 762 ardua
261 705 362 778 direpta
373 706 468 761 cortice
477 705 572 760 cedrus
584 704 671 759 habet.

130 781 218 847 Adde,
238 781 311 854 quod
322 790 347 836 et
356 780 468 846 dociles,
490 789 631 835 etcentum
643 779 759 836 llexibus
769 782 833 853 apti,

166 865 192 912 et
203 856 249 911 tibi
262 856 364 912 nullius
374 871 468 912 caussa
479 855 578 910 doloris
588 864 673 911 erant.

76 946 101 988 15
130 934 189 987 Non
200 949 263 987 acus
273 932 395 1003 abrupit,
417 950 470 987 non
481 931 583 986 vallum
596 930 725 1003 pectinis,
747 931 823 988 illos:

167 1007 286 1063 ornatrix
294 1017 352 1064 tuto
361 1024 469 1079 corpore
479 1025 583 1079 semper
593 1015 657 1062 erat.

130 1083 199 1139 Ante
208 1100 281 1140 meos
291 1082 381 1139 oculos
391 1101 468 1155 saepe
477 1092 517 1138 est
526 1091 632 1157 ornata;
654 1099 835 1157 necunquam

168 1159 276 1214 brachia
285 1160 386 1232 direpta
397 1161 486 1214 saucia
497 1157 557 1214 fecit
566 1175 625 1213 acu.

130 1233 214 1306 Saepe
222 1235 316 1299 etiam,
339 1234 458 1289 nondum
468 1235 579 1308 digestis
589 1251 668 1289 mane
677 1232 793 1306 capillis,

77 1323 101 1365 20
169 1326 303 1381 purpureo
314 1310 394 1365 iacuit
404 1309 569 1381 semisupina
583 1318 647 1365 toro.
789 1368 790 1373 χ

131 1385 201 1440 Tum
220 1401 330 1458 quoque
348 1393 403 1440 erat
422 1385 540 1459 neglecta
556 1386 666 1448 decens;
688 1393 720 1440 ut
734 1385 837 1442 Threcia

612 1461 722 1526 Bacche,

169 1554 255 1609 quum
268 1545 364 1592 temere
375 1536 401 1591 in
414 1535 493 1589 viridi
505 1536 627 1609 gramine
637 1535 705 1590 lassa
718 1537 794 1592 iacet.

131 1611 222 1679 Quum
232 1611 344 1687 graciles
354 1621 442 1666 essent
451 1619 554 1672 tamen,
576 1620 601 1666 et
612 1611 749 1686 lanuginis
760 1614 837 1669 instat

170 1688 236 1742 heu!
259 1686 328 1741 maie
339 1696 446 1741 vexatae
457 1696 557 1759 quanta
569 1685 651 1742 tulere
661 1689 767 1743 comae!

78 1776 103 1819 25
132 1761 217 1829 Quam
229 1779 258 1838 se
269 1763 448 1834 praebuerunt
458 1761 526 1818 ferro
536 1765 664 1835 patienter
673 1772 699 1817 et
709 1765 777 1839 igni,

170 1846 199 1892 ut
213 1837 285 1893 fieret
295 1847 362 1894 torto
374 1837 469 1893 nexilis
480 1840 542 1894 orbe
553 1839 645 1892 sinus!

132 1913 301 1976 Clamabam.
323 1913 414 1969 Scelus
424 1923 478 1977 est,
500 1914 563 1969 istos
573 1914 660 1968 scelus
671 1917 837 1972 urerecriner

170 1987 267 2060 Sponte
277 1989 382 2044 decent:
404 1992 497 2060 capiti,
521 1989 616 2053 ferrea,
637 2001 782 2060 parcetuo.

133 2064 193 2120 Vim
206 2065 295 2135 procul
307 2065 370 2119 hinc
380 2082 499 2120 remove:
522 2074 636 2130 nonest,
658 2065 706 2136 qui
722 2065 837 2122 debeatu

79 2153 103 2195 to
169 2140 657 2213 eruditadmotasipsecapillusacus¹

132 2218 274 2272 Formosae
285 2215 384 2287 periere
392 2233 497 2271 comae:
519 2234 588 2288 quas
599 2216 678 2270 vellet
687 2216 793 2288 Apollo,

170 2310 238 2364 quas
249 2291 327 2346 vellet
336 2291 415 2363 capiti
427 2292 545 2346 Bacchus
557 2293 644 2346 inesse
655 2310 715 2347 suo.

134 2367 188 2422 lllis
198 2366 370 2431 contulerim,
391 2384 460 2438 quas
469 2366 605 2439 quondam
616 2367 688 2422 nuda
699 2369 783 2425 Dione

170 2445 291 2518 pingitur
302 2443 421 2498 humenti
431 2443 593 2498 sustinuisse
603 2461 696 2498 manu.

25 2536 26 2541 ¹
80 2529 104 2572 35
133 2517 203 2584 Quid
214 2517 284 2575 male
292 2518 450 2591 compositos
461 2519 580 2590 quereris
591 2519 701 2591 periisse
711 2520 837 2594 capillosl

168 2592 240 2662 Quid
249 2594 393 2670 speculum
402 2603 503 2653 moesta
513 2595 606 2666 nonis„
625 2595 731 2666 inepta,
753 2614 836 2653 manu

117 2670 182 2728 Non
192 2673 266 2732 bene
277 2675 419 2734 consuetis
430 2679 483 2729 ate
491 2669 624 2744 spectaris
632 2668 735 2722 ocellis.
