1868 2962
131 139 162 191 46
326 142 355 189 Ρ.
375 140 505 187 ovmu
522 141 689 188 morus

166 241 252 297 Oenea
262 240 396 297 desertum
406 240 477 296 nuda
489 248 592 297 senecta
601 242 707 313 premit.

76 330 113 371 155
128 315 242 371 Exulati
282 315 333 371 otis
342 315 449 391 Tydeus
457 333 602 402 germanus
612 315 641 370 in
650 315 715 372 oris.

167 333 319 445 Alterffieli
330 391 410 446 vivue
420 391 448 447 in
458 408 519 464 igne
528 389 588 446 t'uit.

129 465 223 538 Exegit
233 464 330 521 ferrum
342 483 391 521 sue
400 482 447 537 per
456 466 605 537 praecordia
615 473 709 521 meter.

168 540 252 611 Impia
262 541 329 613 quid
338 541 445 596 dubites
455 539 576 594 Deianira
586 538 673 595 mori?

130 617 257 687 Deprecor
266 615 412 671 hoeunum
422 633 469 686 per
479 614 537 669 iure
547 615 688 670 sacerrima
699 613 769 680 lecti,

76 702 114 745 teo
167 707 200 746 ne
209 689 300 746 videar
309 689 368 744 fatis
378 689 500 745 insidiate
511 689 574 743 tuis.

130 768 240 831 Nessus,
251 774 282 820 ut
290 773 330 820 est
340 764 449 820 avidum
459 781 602 837 percussus
611 763 743 818 arundine
751 771 852 835 pectus.

168 841 226 906 Hic,
237 840 314 905 dixit,
326 840 396 894 vires
406 839 518 914 sanguis
528 838 626 893 amoris
635 839 724 894 hebet.

132 915 198 971 Illita
208 916 306 970 Nesseo
318 915 379 969 misi
391 915 438 969 tibi
449 922 518 969 texta
528 931 639 968 veneno.

167 990 252 1061 Impia
262 989 329 1061 quid
338 990 444 1045 dubites
457 989 578 1044 Deianira
588 985 674 1043 mori?

75 1078 114 1121 155
129 1068 238 1137 Iamque
247 1064 315 1130 vale,
326 1065 467 1137 seniorque
476 1071 558 1136 pater,
569 1078 749 1138 germaneque
759 1063 855 1139 Gorge,

168 1148 194 1196 et
202 1140 296 1210 patria,
307 1147 333 1195 et
340 1139 440 1212 patriae
451 1138 529 1194 frater
537 1136 641 1194 edemte
648 1145 724 1207 tum

131 1223 156 1270 et
165 1222 194 1271 tu
204 1214 252 1270 lux
260 1214 345 1271 oculis
354 1214 480 1270 hodierna
492 1212 639 1269 novissime
647 1212 756 1280 nostrie,

167 1291 273 1363 virque,
284 1290 332 1345 sed
343 1307 360 1346 ο
369 1289 470 1360 possis!
491 1296 517 1343 et
524 1304 592 1360 puer
601 1287 688 1364 Hylle,
698 1287 768 1345 vele.

328 1557 673 1618 Errsromx.

220 1637 485 1737 ARIA'DNE
534 1691 828 1736 ΤΗΕ8Εο.·’

132 1809 233 1874 Mitius
242 1817 343 1883 inveni,
355 1834 437 1889 quam
448 1823 482 1884 te,
493 1833 580 1892 genus
589 1833 668 1871 omne
677 1815 808 1874 ferarum:

170 1892 267 1949 credita
277 1910 331 1948 non
341 1892 401 1959 ulli,
412 1910 494 1965 quam
508 1892 567 1958 tibi,
581 1891 658 1965 peius
667 1909 750 1946 eram.

133 1968 207 2036 Quae
216 1966 293 2042 legis,
306 1985 340 2024 ex
349 1968 404 2034 illo,
416 1969 530 2034 Theseu,
542 1968 590 2023 tihi
602 1966 688 2022 littore
697 1967 783 2033 mitto,

171 2042 243 2099 unde
252 2050 326 2098 tuam
337 2044 395 2099 sine
404 2061 447 2099 me
455 2043 512 2099 vela
522 2042 607 2098 tulere
618 2049 716 2105 retem

79 2133 90 2175 t
132 2121 160 2187 in
170 2137 225 2192 quo
234 2136 279 2173 me
287 2136 453 2192 somnusque
461 2136 538 2175 meus
547 2117 617 2172 male
626 2115 752 2188 prodidit,
764 2123 790 2173 et
798 2124 839 2184 tu,

170 2213 219 2267 pro
227 2193 442 2249 facinusisomnis
452 2192 574 2249 insidiate
584 2192 662 2248 meis.

135 2272 251 2342 Tempus
260 2275 324 2332 erat,
335 2268 417 2322 vitrea
427 2285 482 2340 quo
490 2269 609 2339 primum
619 2274 686 2322 terra
697 2266 795 2338 pruine

172 2344 315 2419 spargitur,
326 2350 352 2397 et
361 2349 441 2398 tectae
451 2341 543 2398 fronde
551 2350 702 2415 queruntur
711 2359 785 2398 eves.

135 2422 267 2475 Incertum
277 2418 403 2493 vigilans,
416 2435 449 2473 en
460 2434 554 2474 somno
563 2417 699 2492 languida,
710 2417 784 2473 movi

80 2508 106 2553 tt
172 2496 270 2549 Thesea
281 2510 420 2565 prensuras
430 2492 595 2564 semisupina
604 2510 711 2548 manus.

136 2569 234 2626 Nullus
243 2577 310 2625 eret:
331 2567 468 2640 referoque
477 2586 584 2634 manus,
595 2567 746 2639 iterumque
755 2575 864 2635 retente,

61 2705 63 2709 ,
157 2661 269 2745 perque
279 2652 368 2703 torum
379 2661 475 2704 moveo
483 2643 610 2703 brachie:
629 2641 723 2699 entire
731 2652 799 2698 eret,
