1868 2962
241 129 449 178 HEROIDES.
479 133 536 180 ΕΡ.
551 135 610 180 XX.
754 130 803 180 ll7

52 234 211 305 Subsequor
220 230 344 287 ancillam
355 231 447 288 furtim
456 231 635 301 famulumve,
652 236 800 307 requirens,

89 307 241 382 profuerint
249 307 337 364 somni
348 307 415 379 quid
426 308 489 374 44144,
510 309 609 380 quidve
618 310 681 366 54144.

53 385 95 440 Me
104 384 247 450 miserum,
262 383 336 455 quod
346 401 399 439 non
409 383 799 452 5454145545444444555.44444445445,

10 514 12 519 .
89 458 365 533 elfingoquemenus,
386 458 621 532 insideoquetoro!

10 568 14 575 ·
54 542 78 590 54
86 551 185 590 44445445
193 533 334 601 miserum,
353 534 436 606 quod,
457 552 501 589 4445
510 534 602 606 procul
613 534 674 590 inde
683 545 790 601 remoto
819 549 856 590 445

10 668 16 675 ,
90 627 175 684 quem
185 626 297 665 minime
306 609 416 677 vellem
436 609 546 667 forsitan
556 610 621 665 alter
630 611 712 666 adest

55 685 101 741 Ille
111 702 212 740 44455445
221 685 286 740 istas
295 684 413 759 effingit
434 694 461 740 54
469 685 568 741 55544154
576 703 680 759 aegrae

91 778 200 817 rnvrsus
209 758 334 833 Superis
354 776 417 815 oum
427 759 591 834 Superrsque
600 760 683 816 4444144

56 835 177 910 dumque
188 853 238 891 5445
247 843 329 891 tentet
338 834 476 891 salientem
486 835 581 908 pollice
590 854 696 902 venam,

91 911 207 968 5544414415
216 928 264 984 per
272 928 395 967 5544555444
405 912 513 967 brachio
526 929 603 984 saepe
613 920 697 968 tenet:
820 923 857 976 445

55 994 251 1059 oontroeratque
260 987 351 1053 sinus,
371 995 397 1042 et
408 985 516 1043 forsitan
527 987 617 1043 555515
628 987 725 1062 iungit.

92 1062 188 1119 Ollioio
197 1062 411 1134 merees'plenior
420 1062 471 1118 4545
480 1080 530 1118 5445
539 1070 589 1118 est.

56 1137 123 1205 Quis
133 1137 183 1194 tibi
192 1137 315 1210 permisit
326 1145 429 1194 44554455
438 1155 607 1210 praecerpere
616 1138 735 1194 45555554

92 1213 135 1270 Ad
144 1230 236 1286 sepem
245 1213 353 1268 alterius
362 1213 424 1286 quis
434 1213 484 1268 tibi
494 1212 555 1268 15544
564 1211 631 1267 44544

57 1289 197 1345 1545544445
207 1304 284 1344 meus
293 1296 346 1345 est
369 1306 428 1344 44455
437 1289 550 1361 turpiter
559 1287 649 1345 555515
659 1307 755 1344 sumis
820 1298 857 1344 445

92 1365 115 1421 Α
126 1364 195 1420 4444144
205 1364 337 1437 promisso
346 1381 454 1436 eorpore
463 1364 525 1420 tolle
535 1383 643 1421 44454445.

57 1441 195 1514 Improbe,
215 1438 277 1495 tolle
290 1457 403 1494 manus:
424 1457 507 1512 quem
526 1441 630 1514 tangis,
651 1449 739 1496 nostre
761 1440 802 1494 144

593 1523 709 1570 44445554.

94 1589 237 1647 Postmodo
246 1609 269 1645 54
280 1589 360 1645 feries
371 1588 459 1656 istud,
480 1588 584 1647 adulter
593 1590 655 1644 eris.

56 1666 133 1740 Elige
140 1665 176 1722 de
184 1665 286 1731 vacuis,
308 1683 390 1737 quam
401 1683 454 1721 non
465 1664 518 1720 54144
528 1664 645 1720 vindicet
654 1665 727 1722 51454.

94 1741 236 1807 sinceris,
256 1740 599 1796 dominumreshebetiste
613 1759 705 1798 suum.
820 1756 858 1798 455

57 1819 112 1872 4155
121 1815 190 1872 4444144
199 1815 357 1872 credideris
377 1817 499 1872 recitetur
509 1816 623 1872 1544444415
633 1820 713 1889 pacti

94 1893 154 1947 Neu
163 1890 258 1946 falsam
267 1892 340 1947 (14555
350 1909 422 1960 esse
443 1890 516 1946 1555
508 1909 567 1964 lpse
578 1892 656 1966 legat

58 1966 174 2022 4145444444
185 1965 315 2033 thalamo,
337 1967 457 2033 44144555,
478 1966 666 2034 tibidioimus,
687 1970 739 2026 exi

94 2041 168 2111 Quid
177 2041 242 2098 15545
252 2041 314 2098 hro‘l
341 2043 407 2109 Exi;
429 2060 482 2098 non
492 2051 568 2098 45554
577 2043 625 2098 4545
634 2051 715 2100 45445

58 2118 127 2173 Nam
136 2117 210 2190 quod
220 2117 302 2173 1451455
312 2126 375 2173 54444
386 2118 589 2174 4444554454145
601 2118 680 2174 514545
690 2121 769 2192 pacti,
820 2133 858 2175 155

95 2211 151 2250 44544
161 2193 212 2248 erit
219 2192 317 2249 44154455
326 2211 374 2265 par
384 2201 429 2248 4445
441 2211 536 2248 caussa
546 2211 628 2251 444555.

57 2268 129 2325 Haeo
137 2267 207 2325 4444144
220 2285 250 2324 55
262 2269 379 2344 pepigit,
399 2276 482 2341 peter
487 2269 557 2326 145445
571 2271 635 2398 tilpli:
656 2287 761 2341 primus
771 2271 804 2324 514

493 2378 503 2400 -.
596 2345 656 2413 415;

96 2417 264 2492 sedpropror
273 2425 356 2485 55445
376 2437 459 2492 quem
471 2427 559 2493 poter
580 2438 639 2492 ipsa
649 2419 701 2473 54144
711 2427 758 2474 554

59 2495 268 2568 Ptomrmlpater
277 2495 361 2550 145445
381 2496 447 2550 14555
456 2496 589 2551 5414445444
598 2495 708 2549 amenti

97 2569 146 2626 1115
154 2570 291 2636 hommes,
313 2570 378 2626 14555
387 2569 672 2627 55445541455444415545.
825 2582 871 2622 re

58 2645 349 2717 ffiomemitmendex,
371 2646 449 2709 4444454
458 2649 529 2709 14555
537 2647 773 2726 5544545455544.
