1868 2962
175 99 636 159 aur1saunuourairnm.
657 114 691 158 11.
753 109 803 162 tto

93 212 201 270 acribus
212 219 252 266 est
261 211 380 267 stimulis
390 210 535 269 eliciendus
544 230 628 269 amor.

53 290 110 346 Fae
119 289 211 344 timeat
219 287 253 342 de
262 295 296 352 te,
317 287 487 359 tepidamque
496 286 620 343 recalface
630 295 759 344 mentem:
820 297 858 344 tte

63 420 66 426 ,
93 361 547 437 palleatindiciocriminisillatui.

54 439 79 495 Ο
108 448 194 504 nater,
214 445 240 493 et
248 438 352 511 quoties
363 454 474 493 numero
484 437 671 508 comprendere
680 457 734 494 non
744 449 792 505 est,

89 458 209 578 1delicem,
229 513 262 568 de
272 511 403 585 quolaesa
415 511 502 585 puella
512 512 595 568 dolet!

55 607 137 663 quae,
158 587 240 643 simul
252 588 349 643 invitas
359 589 460 643 crimen
471 589 592 660 pervenit
601 586 634 643 ad
645 605 732 654 aures,

95 663 208 728 excidit,
228 670 254 718 et
263 663 375 718 miserae
384 681 491 736 voxque
500 663 625 735 colorque
634 661 712 736 fugit.
821 674 859 721 too

56 739 241 813 Illeegosim,
261 738 340 792 cuius
350 736 431 793 laniet
440 738 540 794 furiosa
550 736 675 810 capillos:

94 814 199 888 ilieego
209 813 275 879 sim,
296 821 398 868 teneras
407 814 451 868 cui
461 820 532 886 petat
540 830 632 887 ungue
641 830 737 888 genas:

56 907 141 963 quem
165 887 253 951 videat
274 887 431 944 lacrimans:
460 907 542 961 quem
562 889 644 945 torvis
665 896 763 960 spectet

589 963 693 1020 ocellis:

94 1038 490 1113 quosinenonpossitviver03
511 1038 672 1110 possevelit.

57 1116 85 1171 Si
96 1115 215 1187 spatium
225 1132 353 1186 quaeras3
373 1114 453 1168 breve
463 1114 506 1179 sit,
519 1132 573 1186 quo
584 1113 653 1169 laesa
662 1122 802 1186 queratur,
821 1123 859 1169 455

95 1208 130 1246 ne
140 1190 211 1245 vires
222 1189 291 1244 lenta
300 1187 406 1262 colligat
416 1188 454 1243 ira
465 1206 548 1246 mora.

58 1264 179 1322 Candida
188 1264 346 1320 iamdudum
356 1264 498 1338 cingantur
508 1263 575 1321 eolla
584 1263 700 1320 lacertis:

95 1342 181 1412 inque
191 1338 310 1395 tundens
320 1348 359 1396 est
371 1340 523 1412 accipienda
533 1341 606 1396 sinu.

58 1415 156 1471 Oscula
166 1413 295 1470 deflenti:
316 1415 426 1470 Veneris
434 1415 468 1469 da
478 1416 575 1488 gaudia
585 1413 668 1470 ssenti.

97 1493 153 1546 Pax
163 1490 225 1545 erit:
247 1490 297 1545 hoc
306 1507 361 1545 uno
374 1489 488 1545 solvitur
497 1491 536 1544 ira
548 1489 637 1544 modo.
822 1499 861 1546 tto

58 1567 151 1634 Quum
161 1565 228 1620 bene
237 1565 368 1630 saevierit,
385 1582 471 1636 quum
483 1573 552 1620 certa
562 1564 696 1619 videbitur
705 1565 802 1635 hostis3

96 1649 157 1696 tum
166 1647 225 1711 pete
234 1641 392 1697 concubitus
402 1639 520 1696 foedera:
542 1640 615 1695 mitis
628 1639 686 1694 erit.

57 1715 116 1772 Illic
128 1714 255 1787 depositis
265 1715 366 1771 habitat
376 1715 520 1771 Concordia
531 1716 604 1770 tetis:

95 1790 157 1856 illo,
178 1790 255 1845 crede
264 1791 346 1856 mihi,
367 1791 457 1847 Gratia
468 1799 528 1847 nata
539 1792 594 1847 loco
605 1799 654 1845 est.

58 1866 133 1934 Quae
152 1866 231 1921 modo
248 1873 417 1940 pugnarunt,
439 1866 557 1940 iungunt
578 1884 627 1920 sua
646 1874 728 1922 rostra
749 1885 793 1922 co-

252 1984 256 1997 .
595 1940 712 2007 lumbae,
822 1949 860 1995 tte

96 2032 216 2088 quarum
226 2013 369 2070 blanditias
379 2015 514 2087 verbaque
524 2034 649 2083 murmur
659 2017 746 2072 habet.

59 2092 148 2146 Prima
158 2089 210 2145 tuit
218 2108 307 2146 rerum
317 2090 428 2146 confusa
441 2091 501 2147 sine
510 2092 602 2148 ordine
613 2092 709 2149 metes:

70 2190 73 2195 ·
95 2183 206 2239 unaque
215 2172 271 2221 erat
282 2165 360 2220 iacies
371 2165 472 2231 sidera,
493 2173 575 2234 terra,
596 2166 703 2224 fretum.

58 2243 121 2299 Mox
129 2241 234 2305 coelum
244 2240 402 2313 impositum
412 2248 452 2297 est
465 2242 555 2312 terris;
576 2243 678 2298 humus
692 2258 805 2312 aequore
855 2292 856 2295 ,

594 2317 679 2372 cincta
688 2323 741 2370 est:

97 2391 182 2464 inque
191 2408 254 2446 suaa
264 2397 353 2462 partes
361 2390 442 2446 cessit
450 2390 530 2447 inane
539 2391 636 2448 Chaos.
823 2399 861 2445 tto

60 2466 134 2522 Silva
144 2465 229 2532 ieras,
250 2464 425 2521 a'e'rvolueres
436 2467 536 2537 aceepit
546 2463 695 2520 habendas:

97 2542 127 2597 in
138 2540 240 2613 liquida
247 2540 337 2612 pisces
347 2539 492 2598 delituistis
503 2558 587 2616 aqua.

10 2668 13 2674 ,
55 2614 743 2695 Tumgenuslrumanumsoliserrabatinagrisx
