1868 2962
94 126 257 192 nuonuu
275 146 346 191 nin.
366 147 400 192 11.
419 148 474 192 nn.
492 149 517 193 e.
627 141 676 196 467

52 245 198 312 sentimus,
218 245 336 318 populus
349 246 398 300 tibi
411 246 529 316 deditus,
550 265 637 303 arma:

53 319 194 376 reluctanti
203 329 288 376 cessat
296 322 325 376 in
339 322 413 377 hoste
422 340 529 378 manus.

47 395 124 452 vatin
134 396 215 452 nudis
225 396 331 452 hamata
341 397 481 452 recondere
490 397 541 453 tela

47 469 94 526 us‘l
120 471 188 527 Ossa
198 472 265 527 mihi
276 472 348 527 nuda
357 471 467 544 reliquit
476 490 559 529 amor.

47 548 221 614 tamoreviri,
241 555 279 604 tet
289 555 353 603 sunt
361 549 420 602 siue
429 565 518 603 amore
527 548 640 620 puellae.
707 563 733 606 15

49 622 98 677 tihi
108 640 171 677 eum
181 641 278 696 magna
289 623 367 678 laude
378 623 531 695 triumphus
542 632 591 680 eat.

49 697 103 752 nisi
113 696 277 754 immensum
287 698 358 755 vires
367 707 516 771 promosset
525 699 554 754 in
564 699 667 766 orbem,

47 773 122 828 tineis
132 781 201 828 esset
211 791 284 829 nunc
292 791 403 851 quoque
409 781 475 830 tecta
489 775 568 830 casis.

47 850 70 904 ln
80 856 200 920 aeceptos
212 849 290 905 miles
303 849 444 904 deducitur
456 868 548 925 agros:
638 857 641 863 '

47 943 84 979 ur
93 924 122 980 in
131 923 217 980 saltus
226 943 328 980 earcere
338 924 405 980 liber
415 943 517 999 equus:
708 935 734 980 at

47 1018 65 1055 ‚e
74 1000 235 1056 subductam
244 1000 330 1055 celant
339 1001 443 1056 navalia
452 1001 562 1072 pinum:

47 1093 80 1130 ue
89 1076 207 1148 deposito
217 1077 336 1148 poscitur
344 1093 407 1131 ense
417 1075 501 1131 rudis.

47 1168 106 1224 pue,
127 1152 175 1224 qui
187 1152 263 1207 toties
272 1151 359 1206 merui
369 1151 422 1206 sub
431 1168 519 1206 amore
527 1149 640 1222 puellae,
713 1173 715 1177 ⁷

47 1234 126 1282 tetum
135 1225 239 1299 placide
247 1227 338 1283 vivere
347 1234 454 1298 tempus
464 1233 528 1280 eret.

47 1302 115 1368 leus,
135 1303 234 1374 posito,
256 1303 279 1357 si
289 1303 351 1376 quis
364 1302 432 1356 mihi
443 1301 526 1368 dicat,
547 1319 645 1368 amore,
709 1312 735 1357 25

47 1394 108 1432 uer:
129 1396 217 1450 usque
227 1377 291 1434 adeo
300 1377 379 1433 dulce
389 1375 480 1451 puella
488 1377 591 1432 malum
601 1383 651 1431 est.

47 1453 115 1509 bene
132 1463 284 1526 pertaesum
303 1460 357 1519 est,
389 1451 527 1581 animiqrple
548 1451 681 1524 relanguit

469 1544 559 1596 aor3

47 1620 127 1676 oque
135 1603 247 1658 miserae
259 1602 368 1658 turbine
378 1601 475 1657 mentis
487 1619 561 1676 agor.

54 1678 84 1733 in
96 1695 222 1750 praeceps
230 1678 385 1745 dominum,
407 1677 560 1750 spumantia
569 1677 668 1735 frustm
753 1744 756 1748 ,

56 1761 244 1820 retentantem,
264 1754 356 1810 durior
365 1753 419 1811 oris
429 1771 530 1826 equus:
711 1765 737 1809 tu

47 1847 95 1896 us,
116 1844 199 1902 prope
208 1831 262 1885 iam
271 1848 368 1902 prensa
377 1829 485 1896 tellure,
505 1829 624 1886 carinam

47 1913 123 1961 intem
132 1912 226 1978 pertus
235 1915 332 1962 ventus
345 1907 373 1960 in
384 1905 435 1960 alta
447 1905 529 1976 rapit:

49 1998 113 2053 aepe
123 1980 200 2036 refert
209 1981 307 2036 ineerta
318 1979 460 2053 Cupidinis
469 1998 547 2049 aura3

47 2074 86 2130 tue
94 2075 248 2130 purpureus
258 2056 308 2112 tela
319 2056 432 2112 resumit
440 2056 532 2112 Amor.

47 2151 115 2202 tuer3
136 2133 230 2205 positis
243 2134 333 2189 nudus
343 2132 391 2187 tibi
402 2133 527 2205 praebeor
536 2131 629 2186 armis.
711 2139 736 2185 35

47 2208 78 2262 2bi
89 2216 153 2263 sunt
162 2209 246 2264 vires:
268 2208 313 2264 hic
322 2217 368 2263 tua
380 2208 471 2264 dextra
481 2207 560 2264 valet.

47 2301 147 2355 nquam
157 2283 255 2351 iussae,
270 2284 383 2341 veniunt
392 2284 444 2340 iam
456 2290 551 2357 sponte
561 2280 679 2354 sagittae.

47 2357 89 2413 llis
98 2376 161 2431 prae
170 2378 213 2414 me
223 2367 284 2416 nota
293 2360 415 2432 pharetra
426 2366 529 2415 tuaest.

68 2442 121 2490 tota
130 2435 287 2508 quicunque
296 2436 434 2508 quiescere
443 2443 517 2490 nocte
720 2496 723 2500 ,

47 2517 101 2576 net,
123 2518 149 2565 et
158 2529 267 2566 somnos
276 2511 394 2583 praemia
405 2525 502 2582 magna
513 2513 597 2562 vocat.
712 2513 738 2560 tt

47 2584 106 2656 puid
117 2593 157 2640 est
165 2603 290 2656 somnus,
301 2585 407 2666 gelidae
415 2583 473 2644 nisi
481 2580 696 2655 murtxe'imagn‘l

47 2662 225 2732 rquiescendi
241 2674 370 2744 tempora
379 2663 573 2724 tentanum.
