1868 2962
246 184 456 233 unnornus.
482 145 541 230 urss
554 185 623 242 xiv.
775 181 807 233 ea

96 285 233 361 pugnabit
241 294 326 353 caua,
340 285 516 357 respicietque
524 284 643 342 domum.

62 361 151 418 Exuet
158 369 186 417 et
194 361 285 418 reduci
297 361 433 436 elypeum,
453 354 610 435 galeamque
619 361 739 428 resolvet,

98 437 268 510 excipietque
276 454 327 492 suo
335 444 439 508 pectora
449 435 519 490 lassa
531 436 604 491 sinu.

63 513 116 569 Nos
128 529 227 568 sumus
237 513 363 568 incertae:
379 530 427 567 nos
437 511 535 567 anxius
544 511 635 567 omnia
644 513 722 586 cogit,

99 587 370 660 quaepossuntfieri‚
385 585 452 642 lacta
460 595 554 659 putare
564 586 652 641 timor.
824 601 862 643 150

62 665 133 719 Dum
146 671 234 718 tamen
247 680 321 718 arma
330 663 400 736 geris
410 662 515 718 diverso
524 661 602 717 miles
613 662 641 716 in
651 662 722 728 orbe,

97 755 171 812 quae
183 735 277 794 reserat
286 737 379 793 vultus
388 744 427 792 est
436 738 503 791 mihi
513 755 571 792 cera
583 746 654 792 tuos.

63 813 105 870 llli
115 811 270 879 blanditias,
284 812 323 867 illi
333 813 382 868 tibi
393 812 479 867 debita
490 813 570 867 verba

100 888 231 944 dicimus:
253 887 393 960 amplexus
400 887 494 959 accipit
504 887 549 942 illa
558 905 642 943 meos.

62 963 148 1020 Crede
157 962 234 1028 mihi,
250 962 313 1035 plus
323 969 372 1030 est,
386 980 468 1036 quarn
479 963 692 1035 quoduideatur,
704 964 802 1036 imago.
824 976 862 1017 155

101 1037 178 1093 Adde
187 1056 285 1094 sonum
294 1055 380 1106 eera03
402 1037 561 1093 Protesilaus
570 1038 629 1092 erit.

62 1115 139 1168 liano
148 1121 246 1185 specto,
261 1121 389 1186 teneoque
398 1113 471 1178 sinu,
485 1131 533 1185 pro
542 1113 655 1186 coniuge
664 1130 740 1168 vero:

100 1196 136 1254 et,
153 1196 280 1262 tanquam
289 1189 374 1261 possit
384 1188 464 1245 verba
473 1187 577 1255 referre,
592 1205 698 1260 queror.

63 1262 242 1330 beneditus,
256 1281 406 1337 eorpusque
418 1270 509 1329 tuum,
523 1281 582 1320 mea
592 1263 713 1327 numina,
729 1264 796 1329 iuro,

99 1355 203 1418 perque
212 1357 289 1411 pares
297 1340 381 1395 animi
393 1339 566 1413 ooniugiique
575 1337 653 1404 inens,
825 1351 863 1392 too

64 1432 175 1487 perque,
189 1414 262 1487 quod
270 1423 301 1469 ut
309 1414 413 1470 videam
423 1415 498 1470 oanis
507 1414 595 1469 albere
604 1413 717 1485 capillis,

101 1489 176 1562 quod
186 1497 272 1544 tecum
281 1491 370 1562 possis
380 1490 438 1561 ipse
448 1487 551 1554 referre,
566 1497 660 1560 caput;

63 1583 107 1619 rue
118 1564 167 1620 tibi
176 1572 317 1620 venturam
329 1565 461 1630 comitem,
476 1580 637 1636 quocunque
647 1563 763 1618 vocaris:

101 1638 169 1705 sive,
183 1638 420 1711 quodheutimeol
442 1639 499 1694 sive
509 1646 643 1711 superstes
652 1638 714 1692 eris.

62 1713 163 1770 Ultima
174 1714 298 1770 mandato
307 1715 445 1779 claudatur
455 1714 564 1787 epistola
574 1732 670 1786 parvo:
825 1726 863 1767 tae

102 1789 126 1844 si
138 1788 187 1844 tibi
197 1806 260 1849 cura
271 1791 333 1857 mei,
348 1792 383 1845 sit
392 1791 440 1846 tihi
451 1808 514 1845 cura
524 1790 574 1845 tui.

240 1999 507 2058 EPISTOLA
539 2000 633 2056 XIV.

166 2118 512 2162 urrunuuus'rna
533 2119 703 2163 niuoso.

64 2234 154 2300 Mittit
163 2243 369 2316 Hypermnestre
378 2243 411 2298 de
420 2249 457 2298 tot
469 2242 547 2300 modo
557 2242 683 2299 iratribus
694 2243 756 2297 uni:

101 2325 202 2376 eaetera
230 2318 581 2390 nuptarumnriminsturba
592 2319 667 2373 iacet.

64 2395 163 2452 Clausa
172 2392 251 2449 domo
260 2402 358 2459 teneor,
372 2394 553 2468 gravibusque
562 2394 673 2450 noercita
683 2391 788 2446 vinclis.

100 2471 150 2525 Est
158 2469 226 2524 mihi
237 2467 363 2541 supplicii
373 2485 476 2535 caussa,
491 2468 574 2524 luisse
585 2470 669 2540 piam.

64 2543 251 2612 Quodmanus
260 2543 486 2618 extimuitiugulo
495 2543 627 2598 dimittere
636 2541 747 2608 ferrum,
853 2553 866 2595 a

100 2637 164 2675 sum
176 2637 218 2674 rea
224 2638 233 2687 ;
254 2617 384 2687 laudarer,
399 2618 423 2675 si
432 2618 523 2677 scelus
534 2617 714 2680 assutorem„

55 2695 123 2746 Em
128 2709 201 2746 ream
204 2701 334 2763 praestat,
349 2713 437 2772 quarn
449 2699 493 2757 sio
502 2698 650 2776 placuisse
656 2697 787 2778 parente.

678 2789 746 2848 Et
