1868 2962
256 110 466 157 HEROIDES.
490 112 544 158 ΕΡ.
560 111 617 159 vn.
779 109 806 160 31

255 311 515 370 EPISTOLA
544 313 619 368 Vll.

189 464 356 506 nluu
413 465 699 508 AENEAF..

63 581 123 653 Sic,
146 587 195 642 ubi
205 587 257 642 fata
268 594 369 653 vocant,
390 588 451 642 udis
463 589 582 644 abiectus
591 589 620 643 in
634 587 732 653 herbis,

101 662 137 718 ad
148 662 215 719 rada
225 661 360 717 Maeandri
370 663 486 718 concinit
495 664 574 719 albus
583 663 649 718 olor.

64 741 128 803 Nee,
151 739 216 810 quia
227 744 251 792 te
264 745 352 792 nostra
362 755 466 809 sperem
477 756 553 809 prece
563 755 641 810 posse
650 739 761 803 moveri,

51 882 53 886 ι
100 812 234 884 alloquor.
274 811 393 868 Adverso
405 814 540 868 movimus
550 815 600 868 ista
609 814 668 868 deo,

63 889 116 945 Sed
126 888 220 943 merita
231 895 257 942 et
269 885 377 954 famam,
397 905 547 961 corpusque
556 889 732 960 animumque
741 906 793 959 pu·
855 903 866 942 5

601 964 691 1019 dicum

101 1056 190 1111 quum
203 1036 272 1093 male
282 1038 452 1109 perdiderim,
472 1038 581 1110 perdere
590 1039 670 1094 verba
681 1038 737 1094 leve
746 1047 794 1092 est.

65 1115 161 1171 Certus
171 1131 199 1168 es
210 1114 249 1168 ire
260 1121 358 1178 tamen,
379 1115 560 1185 miseramque
568 1113 718 1186 relinquere
728 1114 807 1168 Dido:

101 1197 183 1261 atque
194 1188 266 1243 Idem
279 1188 350 1244 venti
360 1188 418 1244 vela
428 1189 561 1260 iidemque
571 1187 664 1244 ferent.

64 1263 160 1320 Certus
170 1281 209 1330 es,
229 1263 327 1330 Aenea,
340 1280 403 1319 num
415 1262 516 1320 foedere
525 1262 627 1319 solvere
638 1281 733 1319 naves:

102 1356 227 1412 quaeque
238 1339 286 1394 ubi
296 1338 351 1394 sint
364 1338 460 1405 neseis,
480 1338 544 1394 Itala
554 1356 635 1412 regna
645 1339 728 1411 sequi.
841 1351 865 1391 tn

65 1416 120 1470 Nec
130 1432 199 1470 nova
211 1413 350 1488 Carthago,
373 1420 455 1468 necte
466 1415 607 1469 crescentia
619 1422 731 1487 tangunt

102 1489 224 1555 moenia,
246 1506 294 1545 nee
303 1496 406 1560 seeptro
417 1487 510 1543 tradita
520 1505 626 1542 summa
636 1496 691 1543 tuo.

64 1567 146 1621 Facta
158 1563 243 1638 fugis;
265 1563 383 1620 facienda
392 1563 473 1636 petis:
495 1563 645 1634 quaerenda
655 1580 701 1634 per
710 1562 800 1617 orbem

103 1639 196 1704 altera,
216 1639 335 1712 quaesita
345 1647 385 1695 est
394 1639 474 1694 altera
484 1646 551 1693 terra
563 1639 621 1694 tibi.

64 1717 100 1782 Ut
108 1723 207 1769 terram
217 1714 348 1781 invenias,
359 1715 422 1787 quis
432 1731 490 1769 eam
501 1714 550 1769 tibi
561 1714 644 1769 tradet
652 1714 821 1769 habendam?
843 1728 865 1768 15

103 1789 168 1863 quis
178 1807 228 1846 sua
238 1808 292 1846 non
302 1791 371 1846 notis
380 1807 444 1847 arva
453 1789 565 1845 tenenda
575 1787 666 1844 dabit‘?

64 1865 141 1922 Alter
153 1865 293 1921 habendus
303 1883 377 1922 amor
386 1866 434 1920 tibi
445 1871 533 1930 restat,
554 1872 579 1918 et
588 1864 668 1919 altera
678 1866 757 1922 Dido:

103 1958 242 2013 quamque
252 1941 347 1996 iterum
358 1940 443 2006 fallas,
464 1939 544 1995 altera
554 1939 641 1995 danda
651 1940 725 1995 fides.

64 2015 181 2084 Quando
190 2017 248 2082 erit,
268 2025 299 2073 ut
313 2017 411 2072 condas
421 2016 504 2070 instar
514 2014 681 2088 Carthaginis
691 2018 794 2083 urbem,

103 2097 130 2146 et
139 2090 231 2147 videas
240 2091 353 2163 populos
362 2091 431 2146 altus
443 2091 477 2145 ab
488 2107 546 2145 aree
554 2089 632 2146 tuos?
842 2104 866 2146 20

65 2166 166 2222 Omnia
179 2173 209 2221 ut
217 2166 350 2232 eveniant,
372 2183 420 2220 nee
429 2165 456 2220 di
467 2173 512 2220 tua
522 2173 581 2221 vota
592 2174 741 2235 merentur;

104 2239 245 2308 eudemi,
266 2258 335 2313 quae
344 2248 369 2296 te
378 2241 417 2296 sic
426 2248 504 2306 amet,
520 2259 592 2297 uxor
601 2241 667 2296 erit‘?

24 2340 34 2351 ·
65 2318 149 2383 Uror,
169 2324 201 2371 ut
210 2316 317 2372 inducto
327 2324 426 2371 ceratae
435 2315 538 2372 sulfure
548 2317 646 2383 taedae,

104 2399 136 2449 ut
144 2392 190 2464 pia
203 2391 317 2448 fumosis
331 2391 419 2446 addita
429 2400 486 2447 tura
497 2391 572 2448 focis.

67 2467 170 2524 Aeneas
180 2465 265 2523 oeulis
277 2485 381 2538 semper
393 2467 529 2541 vigilantis
540 2467 671 2522 inhaeret:

104 2543 213 2599 Aenean
223 2544 313 2599 animo
324 2561 431 2616 noxque
439 2543 550 2617 diesque
559 2539 650 2597 refert.

66 2618 113 2673 iiie
120 2617 229 2688 quidem
236 2617 306 2674 male
314 2627 422 2694 gratus,
434 2628 459 2679 et
470 2620 506 2678 ad
516 2639 582 2679 mea
588 2637 710 2678 munera
720 2617 844 2674 surdus:
