1868 2962
135 177 185 230 2⁴2
335 182 363 227 Ρ.
385 181 512 228 0v1n11
531 182 699 228 NASONIS

135 282 186 337 Sed
195 289 284 336 temen
294 289 319 336 et
328 283 397 337 tauri
407 283 497 338 cervix
506 291 631 339 oneretur
640 291 741 351 aratro,

80 370 106 414 20
173 356 301 429 frenaque
311 358 477 432 magnanimi
487 358 567 413 dente
576 365 700 413 teruntur
710 359 790 431 equi:

134 442 160 487 et
170 433 236 486 mihi
246 433 319 488 cedet
329 436 425 498 Amor,
445 433 570 505 quamvis
583 452 642 489 mee
651 433 775 490 vulneret
785 451 844 489 arcu

172 518 292 580 pectora,
313 509 420 564 iactatos
429 509 597 581 excutiatque
607 508 687 564 iaces.

135 585 194 652 Quo
204 602 247 639 me
258 584 316 640 fixit
326 585 421 649 Amor,
443 601 497 657 quo
506 602 550 639 me
559 583 703 645 violentius
712 585 797 653 ussit;

172 661 223 715 hoc
233 660 327 715 melior
337 659 397 714 iacti
409 657 528 714 vulneris
537 658 608 714 ultor
616 677 670 715 ero.

81 747 106 789 25
136 737 194 791 Non
205 753 267 810 ego,
289 735 407 800 Phoebe,
428 734 561 789 densete
572 734 640 789 mihi
651 735 767 789 mentiar
778 743 845 789 artes

174 828 221 866 nec
232 828 280 867 nos
290 827 375 864 aeriae
384 826 449 865 voce
458 826 599 865 monemur
609 826 677 865 avis.

136 887 194 942 Non
206 886 272 940 mihi
283 892 348 939 sunt
357 885 430 939 visne
440 884 497 941 Clio
508 884 638 957 Cliusque
647 902 761 950 sorores,

173 961 288 1016 servanti
298 959 413 1032 pecudes
423 959 556 1026 vallibus,
577 960 673 1026 Ascra,
694 961 761 1014 tuis.

136 1037 207 1092 Usus
215 1053 284 1107 opus
295 1043 383 1092 movet
393 1036 454 1091 hoc.
483 1037 542 1092 Vati
552 1044 641 1107 parete
652 1037 747 1107 perito.

81 1124 106 1167 30
171 1113 351 1169 Verucanem.
379 1110 500 1183 Coeptis,
521 1111 732 1175 muterAmoris,
755 1111 828 1166 edes.

135 1190 198 1243 Este
210 1187 311 1260 procul,
324 1188 404 1242 vittae
414 1195 522 1253 tenues,
543 1186 651 1261 insigne
662 1186 791 1258 pudoris;

173 1280 295 1336 quaeque
305 1263 371 1336 tegis
382 1263 498 1327 medios,
520 1262 611 1317 instita
621 1261 715 1337 longa,
736 1263 829 1334 pedes.

135 1341 190 1395 Nos
202 1340 329 1393 Venerem
341 1345 425 1392 tutem
436 1354 615 1410 concessuque
624 1336 693 1393 furta
704 1354 846 1406 canemus,

173 1416 256 1485 inque
265 1430 323 1469 mec
335 1411 442 1469 nuilum
451 1413 570 1468 carmine
578 1413 678 1469 crimen
689 1413 749 1478 erit.

83 1501 107 1544 35
136 1490 285 1561 Principio,
307 1488 380 1562 quod
389 1504 478 1543 amere
487 1487 569 1554 velis,
590 1487 705 1559 reperire
716 1486 817 1555 labora,

175 1566 222 1637 qui
235 1583 302 1621 nove
313 1582 386 1621 nunc
398 1565 518 1636 primum
530 1562 607 1619 miles
618 1563 646 1618 iu
657 1563 830 1619 armaveris.

136 1641 278 1696 Proximus
286 1641 349 1695 huic
359 1639 432 1694 labor
441 1647 490 1704 est,
503 1638 626 1710 placitum
636 1655 746 1694 exorere
755 1638 871 1711 puellam

87 1764 100 1781 ,
174 1716 293 1780 Tertius,
314 1723 344 1769 ut
358 1713 436 1788 longo
446 1721 564 1787 tempore
572 1714 648 1769 duret
658 1731 743 1769 amor.

82 1830 85 1834 -
136 1791 185 1845 Hic
195 1789 304 1857 modus;
326 1789 391 1844 haec
402 1796 491 1845 uestro
501 1789 653 1863 signabitur
665 1805 725 1844 aree
735 1807 832 1845 curru:

82 1875 107 1921 tu
174 1866 239 1920 haec
247 1865 297 1919 erit
306 1864 423 1920 admisse
433 1872 502 1920 metu
513 1864 619 1920 terenda
629 1871 696 1920 rota.

135 1944 205 1996 Dum
216 1941 289 2007 iicet,
310 1948 335 1995 et
346 1939 408 1996 loris
419 1940 520 2013 passim
530 1947 603 2012 potes
614 1940 652 1994 ire
660 1939 772 2008 solutis;

173 2016 256 2090 elige,
276 2016 321 2069 cui
335 2015 421 2082 dices,
442 2017 482 2071 Tu
493 2015 560 2070 mihi
570 2014 625 2071 sola
635 2015 735 2087 places.

136 2095 204 2148 Hnec
215 2090 262 2146 tibi
273 2108 326 2147 non
336 2091 424 2146 veniet
433 2098 526 2146 tenues
538 2089 645 2162 delapsu
654 2108 702 2163 per
715 2108 811 2147 eures:

174 2165 325 2240 quaerenda
334 2173 375 2220 est
383 2165 468 2221 oculis
479 2174 539 2238 epte
549 2165 637 2237 puelle
649 2166 713 2222 tuis.

82 2251 107 2296 45
136 2243 190 2298 Scit
201 2244 399 2307 honoremur,
420 2241 507 2297 cervis
518 2242 564 2297 ubi
575 2242 639 2297 retia
650 2240 754 2297 tendet:

173 2319 223 2373 scit
233 2319 314 2382 bene,
334 2333 389 2388 qua
400 2314 525 2373 frendens
536 2315 605 2372 valle
614 2324 732 2373 moretur
742 2334 817 2390 aper.

136 2393 295 2466 Aucupibus
306 2393 360 2449 noti
371 2390 488 2448 frutices.
518 2392 571 2460 Qui
581 2392 695 2447 sustinet
705 2392 811 2459 hamos,

100 2533 102 2537 Α
175 2471 264 2535 novit,
285 2485 353 2541 quee
363 2466 448 2522 muito
457 2468 531 2538 pisce
542 2474 665 2523 natentur
675 2485 771 2539 aquae.

137 2544 177 2598 Tu
188 2561 311 2615 quoque,
332 2542 469 2599 materiam
480 2542 560 2617 longo
571 2543 619 2616 qui
629 2543 737 2615 quaeris
747 2546 843 2611 emori,

71 2632 102 2674 50
168 2628 231 2677 unte
240 2617 370 2696 frequens
379 2636 435 2696 quo
443 2618 480 2676 sit
488 2616 658 2691 disrenueilt
668 2617 735 2678 tono.

116 2698 183 2757 Non
195 2717 248 2779 ego
259 2708 446 2778 quaerentem
452 2700 546 2759 uentis
555 2693 621 2751 inre
627 2690 813 2748 reiensem.
