1868 2962
138 147 188 200 268
328 148 356 194 P.
377 147 506 195 ovum
523 148 698 195 NASONIS

175 249 246 306 nuda
256 249 301 315 sit,
321 247 420 305 alaeve
429 248 616 321 conspicienda
626 266 724 305 manu.

138 328 191 381 lloc
200 342 248 380 vos
257 325 408 397 praecipue,
429 325 530 390 niveae,
551 324 635 380 decet.
664 325 721 380 lloc
734 325 826 381 ubivir

83 414 122 455 aio
173 398 264 456 oscula
274 398 342 455 lerre
351 400 471 465 humero,
492 407 637 473 quapatet,
658 399 823 472 usquelibet

96 489 101 500 ·
136 476 254 532 ldunstra
265 475 347 530 maris
360 475 465 530 Sirenes
475 481 564 529 erant:
585 492 656 547 quae
667 493 733 531 voce
744 492 826 533 canor.

174 549 324 623 quamlibet
335 550 465 605 admissas
474 548 612 605 detinuere
622 557 704 606 rates.

137 627 184 681 llis
194 643 244 681 sua
253 624 410 701 Sisyphides
418 624 517 680 auditis
527 641 611 696 paene
620 625 733 682 resolvit

175 719 294 774 corpora.
323 701 390 755 Nam
403 700 483 754 sociis
493 698 561 754 illita
570 716 630 754 cera
640 698 704 756 fuit.

84 789 123 832 335
138 778 189 832 lles
199 785 239 831 est
247 774 344 831 blanda
353 791 448 831 canor:
468 774 573 830 discant
582 783 690 830 cantare
699 774 813 850 puellae.

175 852 226 907 Pro
238 850 303 905 iacie
312 848 405 905 multis
415 868 468 904 vox
480 867 530 904 sua
540 848 599 904 lena
609 848 670 904 fuit.

138 928 172 982 Et
181 925 259 981 modo
269 925 423 979 marmoreis
433 922 546 979 referant
555 923 645 979 audita
655 922 783 995 theatris3

176 1008 201 1056 et
210 999 288 1055 modo
299 998 409 1054 Niliacis
418 999 538 1054 carmina
548 997 607 1054 lusa
617 999 719 1056 modis.

137 1078 192 1132 Nec
200 1074 328 1149 plectrum
339 1073 445 1149 dextra,
466 1075 594 1129 citharam
605 1075 727 1131 tenuisse
736 1077 826 1132 sinisti

85 1164 123 1207 sau
174 1151 274 1206 nesciat
283 1150 391 1206 arbitrio
401 1149 499 1205 femina
509 1149 585 1205 docta
594 1166 664 1205 meo:

138 1225 206 1279 Saxa
217 1224 339 1296 ferasque
349 1223 407 1298 lyra
416 1226 500 1281 mevit
512 1223 683 1296 Rhodopeius
697 1224 826 1299 Orpbeus,

175 1300 365 1370 Tartareosque
375 1298 463 1364 lacus,
484 1301 826 1375 tergeminumquecanem⁴

138 1373 206 1430 Saxa
217 1381 362 1437 tuocantu,
382 1373 641 1431 vindexiustissime
650 1378 756 1444 matris,

175 1448 293 1506 lecerunt
302 1467 394 1507 muros
404 1449 522 1506 officiosa
533 1465 635 1507 novos:
648 1469 651 1475 ·
729 1490 732 1498 .

84 1536 123 1580 325
137 1525 268 1592 Quamvis
278 1535 371 1582 mutus
381 1534 449 1592 erat,
470 1527 529 1583 voci
540 1525 637 1583 lavisse
646 1535 759 1598 putatur

175 1602 266 1673 piscis,
286 1601 410 1658 Arioniae
419 1601 509 1657 fabula
520 1610 580 1658 nota
591 1600 674 1661 lvrac.

138 1676 214 1730 Disce
223 1677 302 1731 etiam
312 1676 412 1749 duplici
423 1676 538 1750 genialia
549 1663 637 1733 nablia
647 1676 739 1750 palma

175 1768 294 1806 verrere:
314 1751 479 1807 conveniunt
488 1752 613 1808 dulcibus
624 1751 668 1807 illa
680 1752 755 1809 iocis.

138 1824 178 1880 Sit
187 1825 235 1880 tibi
247 1824 413 1894 Callimachi,
435 1828 470 1882 sit
480 1821 526 1883 Coi
537 1836 598 1884 nota
608 1831 709 1900 poetae,

85 1911 124 1956 330
176 1901 211 1956 sit
220 1919 329 1975 quoque
340 1903 428 1960 vinosi
438 1904 501 1958 Teia
511 1904 587 1958 Musa
600 1903 688 1959 senis:

140 1985 200 2033 nota
210 1978 245 2032 sit
254 1986 279 2032 et
288 1977 409 2051 Sappho:
430 1977 578 2052 quidenim
593 1977 721 2034 lascivius
731 1978 797 2035 illa‘l

176 2052 253 2107 cuive
262 2061 336 2125 paler
344 2053 411 2109 vafri
422 2052 524 2109 luditur
533 2061 588 2109 arte
598 2054 691 2109 Getae:

139 2137 165 2183 et
174 2127 255 2182 teneri
266 2127 353 2199 possis
362 2144 469 2184 carmen
481 2128 577 2204 legisse
587 2129 720 2201 Properti:

177 2203 234 2259 sive
242 2201 344 2276 aliquid
355 2201 435 2268 Galli,
457 2204 524 2269 sive,
545 2204 661 2269 Tibulle,
680 2213 775 2260 tuum:

87 2287 125 2331 333
139 2277 262 2350 dictaque
269 2277 380 2333 Varroni
391 2276 473 2334 fulvis
483 2279 601 2353 insignia
611 2279 684 2335 villis

177 2353 284 2419 vellera,
305 2369 456 2428 germanae,
476 2355 592 2429 Phryxe,
612 2354 749 2428 querenda
762 2363 822 2409 tuae

140 2436 165 2481 et
174 2427 318 2502 profugum
329 2428 445 2490 Aenean,
466 2427 533 2483 altae
543 2429 688 2502 primordia
697 2430 811 2485 Romae:

150 2546 152 2550 Α
178 2518 232 2572 quo
243 2503 349 2559 nullum
360 2503 434 2558 Latio
443 2502 542 2559 clarius
551 2513 622 2560 extat
631 2521 710 2575 opus.

136 2575 261 2636 Forsitan
272 2586 297 2636 et
309 2587 434 2637 nostrum
441 2595 541 2635 nornen
549 2579 703 2634 miscebitur
712 2579 788 2645 istis,

70 2661 113 2714 3⁴0
169 2675 221 2718 nec
231 2655 547 2729 masbothaeisseapu
554 2651 799 2718 babunrursup'xsx
