1868 2962
257 151 463 200 HEROIDES.
493 155 547 200 ΕΡ.
562 155 604 202 v1.
771 150 804 204 27

91 251 220 324 implesse
229 253 321 308 aetatis
331 252 384 308 lota
395 253 492 309 diurne
501 272 573 311 suae.

60 327 161 384 Devicto
172 335 304 399 serpente,
315 328 422 394 iterum,
435 329 458 383 si
469 328 542 383 vivat
551 331 636 396 lason,

91 403 264 476 quaerimus,
286 402 417 458 alternant
426 421 541 475 spesque
551 405 681 476 timorque
691 405 781 460 fidem.

58 477 168 552 Singula
177 477 245 533 dum
256 484 359 545 narrat,
380 479 469 534 studio
481 495 616 550 cursuque
627 479 762 552 loquendi,

91 553 192 626 detegit
201 552 310 626 ingenio
320 551 430 608 vulnera
440 553 507 607 lacta
517 571 575 608 suo.
832 564 856 609 15

57 629 127 683 Heul
149 627 197 682 ubi
208 635 285 699 pacta
296 626 380 682 fides?
398 628 445 683 ubi
455 627 624 684 connubialie
634 629 710 682 iura?

93 702 193 775 luxque
202 703 255 757 sub
265 720 371 759 arsuros
381 702 487 776 dignior
497 704 536 758 ire
546 702 644 776 rogos⁴.l

57 779 117 834 Non
127 795 177 852 ego
187 795 249 839 sum
259 776 351 832 lurtim
362 778 411 832 tibi
420 780 538 851 cognita3
560 779 682 850 pronuba
693 781 758 834 luno

93 852 189 918 adluit,
210 860 236 908 et
244 853 320 907 sertis
333 861 451 923 tempora
462 854 567 908 vinctus
577 855 691 928 Hymen.

56 928 89 985 lt
98 929 167 983 mihi
179 945 227 983 nec
239 929 306 983 luno
317 945 366 982 nec
374 929 488 1002 Hymen,
502 928 548 983 sed
558 929 640 983 tristis
649 930 767 1003 Erinnys
833 939 857 984 15

92 1003 219 1076 praetulit
228 1001 358 1057 infaustas
367 1003 569 1076 sanguinolento
580 1003 659 1059 laces.

57 1079 128 1147 Quid
137 1079 206 1133 mibi
216 1095 279 1133 cum
288 1077 405 1152 Minyis?
424 1078 490 1148 quid
502 1096 564 1133 cum
575 1080 708 1135 Tritonide
718 1079 803 1151 pinu‘?

92 1153 161 1227 quid
169 1154 218 1208 tibi
228 1170 290 1208 cum
300 1154 394 1225 patria,
416 1153 506 1208 navita
516 1154 612 1228 Tiphy,
633 1155 710 1210 mea?

57 1231 115 1286 Non
126 1236 183 1284 erat
191 1229 236 1283 hic
243 1229 311 1283 eries
321 1227 384 1283 villo
395 1228 546 1299 spectabilis
558 1246 650 1284 aureo:

93 1321 143 1360 nec
153 1304 226 1360 senis
235 1304 330 1359 Aeetae
339 1304 411 1378 regia
421 1305 537 1360 Lemnos
546 1312 609 1360 eret.
833 1319 857 1359 55

58 1381 133 1437 Certa
144 1378 184 1435 fui
193 1379 281 1452 primo
293 1377 349 1454 (sed
359 1396 402 1434 me
412 1396 470 1435 mea
480 1378 532 1435 fate
542 1380 699 1454 trahebant)

93 1455 201 1528 hospite
212 1453 327 1509 feminea
335 1454 434 1526 pellere
442 1462 527 1510 castra
537 1473 630 1511 manu.

57 1529 270 1601 Lemniadesque
279 1529 360 1596 viros,
393 1528 509 1585 nimium
528 1547 645 1602 quoque,
666 1531 771 1585 vincere

593 1614 700 1660 norunt.

93 1679 179 1735 Milite
192 1685 246 1736 tam
256 1678 316 1734 forti
326 1680 383 1751 ripa
393 1678 490 1735 tuenda
502 1678 562 1735 fuit.

56 1755 128 1812 Urbe
137 1755 227 1809 virum
237 1754 304 1820 vidi,
326 1762 445 1827 tectoque
454 1756 597 1828 animoque
607 1756 707 1827 recepi:
833 1770 857 1810 55

93 1831 140 1885 hic
150 1829 199 1885 tibi
209 1829 307 1901 hisque
318 1837 402 1885 aestas
412 1830 508 1902 bisque
516 1832 633 1887 cucurrit
647 1833 743 1888 hiems.

57 1906 143 1960 Tertia
154 1904 250 1959 messis
259 1911 323 1970 erat,
344 1923 429 1977 quum
440 1914 479 1972 tu,
501 1907 562 1962 dare
572 1907 630 1963 vela
639 1917 753 1974 coactus,

94 1979 212 2053 implesti
223 1978 339 2035 lacrimis
349 1980 411 2036 talin
420 1982 500 2037 verba
510 1983 577 2036 tuis:

56 2055 213 2122 Abstrahor,
224 2055 386 2131 Hypsipyle:
408 2055 463 2122 sed,
485 2058 548 2112 dent
556 2055 634 2114 modo
643 2057 695 2113 lata
706 2077 746 2114 re-

592 2151 697 2199 cursus,

93 2205 371 2262 virtuushinceheo:
392 2207 434 2261 vir
443 2206 491 2260 tibi
502 2226 606 2280 semper
616 2227 669 2264 ero.
832 2222 856 2263 tc

57 2281 134 2350 Quod
145 2288 233 2336 temen
247 2281 348 2336 euobis
357 2282 466 2355 gravida
475 2282 574 2338 celatur
583 2280 612 2339 in
622 2283 690 2347 alvo,

93 2357 183 2426 vivnt3
204 2363 229 2411 et
240 2356 360 2412 eiusdem
370 2355 455 2412 simus
465 2366 577 2431 uterque
585 2376 691 2430 parens.

27 2502 30 2509 Ι
56 2435 205 2501 Hactenus3
225 2438 260 2498 et,
282 2431 398 2486 lacrimis
408 2433 436 2488 in
447 2431 512 2489 false
524 2434 679 2490 cadentibus
689 2449 743 2497 ore,

94 2515 196 2564 caetera
205 2514 230 2561 te
239 2507 351 2562 memini
362 2526 415 2563 non
425 2509 544 2580 potuisse
553 2508 637 2579 loqui.

58 2583 289 2641 Ultimuseociis
298 2600 400 2639 sacram
410 2584 566 2640 conscendis
576 2583 607 2639 in
617 2584 700 2660 Argo„
837 2594 866 2634 tu

88 2659 138 2711 1115
150 2656 233 2712 volet:
254 2666 349 2716 ventus
360 2677 480 2723 concava
490 2661 649 2721 velatenet.
