<?xml version="1.0" encoding="UTF-8"?>
<!DOCTYPE html PUBLIC "-//W3C//DTD XHTML 1.0 Transitional//EN"
    "http://www.w3.org/TR/xhtml1/DTD/xhtml1-transitional.dtd">
<html xmlns="http://www.w3.org/1999/xhtml" xml:lang="en" lang="en">
 <head>
  <title>
</title>
<meta http-equiv="Content-Type" content="text/html;charset=utf-8" />
  <meta name='ocr-system' content='tesseract 3.04.00' />
  <meta name='ocr-capabilities' content='ocr_page ocr_carea ocr_par ocr_line ocrx_word'/>
</head>
<body>
  <div class='ocr_page' id='page_1' title='image "./operaomnia01ovidgoog/operaomnia01ovidgoog_0029.png"; bbox 0 0 1868 2962; ppageno 0'>
   <div class='ocr_carea' id='block_1_1' title="bbox 129 160 687 210">
    <p class='ocr_par' dir='ltr' id='par_1_1' title="bbox 129 160 687 210">
     <span class='ocr_line' id='line_1_1' title="bbox 129 160 687 210; baseline -0.004 -1"><span class='ocrx_word' id='word_1_1' title='bbox 129 160 160 210; x_wconf 87' lang='grc'>18</span> <span class='ocrx_word' id='word_1_2' title='bbox 325 163 354 209; x_wconf 88' lang='lat' dir='ltr'>P.</span> <span class='ocrx_word' id='word_1_3' title='bbox 375 162 506 208; x_wconf 81' lang='lat' dir='ltr'>ovmn&#39;</span> <span class='ocrx_word' id='word_1_4' title='bbox 519 163 687 208; x_wconf 77' lang='lat' dir='ltr'>NASONIS</span> 
     </span>
    </p>
   </div>
   <div class='ocr_carea' id='block_1_2' title="bbox 73 262 892 1989">
    <p class='ocr_par' dir='ltr' id='par_1_2' title="bbox 73 262 892 1989">
     <span class='ocr_line' id='line_1_2' title="bbox 128 262 761 335; baseline 0.002 -18"><span class='ocrx_word' id='word_1_5' title='bbox 128 263 205 330; x_wconf 79' lang='lat' dir='ltr'>Quod</span> <span class='ocrx_word' id='word_1_6' title='bbox 213 269 284 318; x_wconf 89' lang='lat' dir='ltr'>caret</span> <span class='ocrx_word' id='word_1_7' title='bbox 294 262 394 319; x_wconf 86' lang='lat' dir='ltr'>alterna</span> <span class='ocrx_word' id='word_1_8' title='bbox 404 264 505 335; x_wconf 91' lang='lat' dir='ltr'>requie,</span> <span class='ocrx_word' id='word_1_9' title='bbox 517 262 638 318; x_wconf 81' lang='lat' dir='ltr'>durabile</span> <span class='ocrx_word' id='word_1_10' title='bbox 648 281 701 318; x_wconf 93' lang='lat' dir='ltr'>non</span> <span class='ocrx_word' id='word_1_11' title='bbox 711 270 761 318; x_wconf 88' lang='lat' dir='ltr'>est.</span> 
     </span>
     <span class='ocr_line' id='line_1_3' title="bbox 73 337 794 410; baseline 0 -18"><span class='ocrx_word' id='word_1_12' title='bbox 73 352 98 392; x_wconf 84' lang='lat' dir='ltr'>to</span> <span class='ocrx_word' id='word_1_13' title='bbox 164 340 233 393; x_wconf 85' lang='lat' dir='ltr'>Haec</span> <span class='ocrx_word' id='word_1_14' title='bbox 241 345 343 410; x_wconf 89' lang='lat' dir='ltr'>reparat</span> <span class='ocrx_word' id='word_1_15' title='bbox 352 338 432 404; x_wconf 88' lang='lat' dir='ltr'>vires,</span> <span class='ocrx_word' id='word_1_16' title='bbox 444 337 566 410; x_wconf 77' lang='lat' dir='ltr'>fessaque</span> <span class='ocrx_word' id='word_1_17' title='bbox 576 338 695 392; x_wconf 91' lang='lat' dir='ltr'>membra</span> <span class='ocrx_word' id='word_1_18' title='bbox 704 345 794 393; x_wconf 89' lang='lat' dir='ltr'>novat.</span> 
     </span>
     <span class='ocr_line' id='line_1_4' title="bbox 127 411 785 470; baseline 0 -2"><span class='ocrx_word' id='word_1_19' title='bbox 127 418 211 468; x_wconf 83' lang='lat' dir='ltr'>Arcus</span> <span class='ocrx_word' id='word_1_20' title='bbox 221 420 246 468; x_wconf 86' lang='lat' dir='ltr'>st</span> <span class='ocrx_word' id='word_1_21' title='bbox 255 430 328 468; x_wconf 88' lang='lat' dir='ltr'>arma</span> <span class='ocrx_word' id='word_1_22' title='bbox 337 421 399 469; x_wconf 88' lang='lat' dir='ltr'>tuae</span> <span class='ocrx_word' id='word_1_23' title='bbox 407 413 455 470; x_wconf 92' lang='lat' dir='ltr'>tibi</span> <span class='ocrx_word' id='word_1_24' title='bbox 464 420 529 468; x_wconf 90' lang='lat' dir='ltr'>sunt</span> <span class='ocrx_word' id='word_1_25' title='bbox 540 411 667 467; x_wconf 86' lang='lat' dir='ltr'>imitanda</span> <span class='ocrx_word' id='word_1_26' title='bbox 678 412 785 468; x_wconf 82' lang='lat' dir='ltr'>Diana&#39;e.</span> 
     </span>
     <span class='ocr_line' id='line_1_5' title="bbox 164 487 732 560; baseline 0.004 -18"><span class='ocrx_word' id='word_1_27' title='bbox 164 489 192 542; x_wconf 91' lang='lat' dir='ltr'>Si</span> <span class='ocrx_word' id='word_1_28' title='bbox 203 505 343 560; x_wconf 90' lang='lat' dir='ltr'>nunquam</span> <span class='ocrx_word' id='word_1_29' title='bbox 353 505 440 544; x_wconf 80' lang='lat' dir='ltr'>cesses</span> <span class='ocrx_word' id='word_1_30' title='bbox 449 487 564 553; x_wconf 87' lang='lat' dir='ltr'>tendere,</span> <span class='ocrx_word' id='word_1_31' title='bbox 576 487 664 543; x_wconf 87' lang='lat' dir='ltr'>mollis</span> <span class='ocrx_word' id='word_1_32' title='bbox 674 488 732 544; x_wconf 91' lang='lat' dir='ltr'>erit.</span> 
     </span>
     <span class='ocr_line' id='line_1_6' title="bbox 128 562 859 636; baseline 0 -17"><span class='ocrx_word' id='word_1_33' title='bbox 128 564 222 619; x_wconf 82' lang='lat' dir='ltr'>Clarus</span> <span class='ocrx_word' id='word_1_34' title='bbox 231 571 286 619; x_wconf 89' lang='lat' dir='ltr'>erat</span> <span class='ocrx_word' id='word_1_35' title='bbox 295 563 372 620; x_wconf 86' lang='lat' dir='ltr'>silvis</span> <span class='ocrx_word' id='word_1_36' title='bbox 381 562 524 636; x_wconf 83' lang='lat' dir='ltr'>Cephalus,</span> <span class='ocrx_word' id='word_1_37' title='bbox 545 562 859 635; x_wconf 84' lang='lat' dir='ltr'>multaequeperhcrbas</span> 
     </span>
     <span class='ocr_line' id='line_1_7' title="bbox 165 636 671 710; baseline 0 -17"><span class='ocrx_word' id='word_1_38' title='bbox 165 638 344 705; x_wconf 81' lang='lat' dir='ltr'>conciderant,</span> <span class='ocrx_word' id='word_1_39' title='bbox 356 639 402 695; x_wconf 87' lang='lat' dir='ltr'>ilio</span> <span class='ocrx_word' id='word_1_40' title='bbox 410 639 581 710; x_wconf 71' lang='lat' dir='ltr'>percutiente,</span> <span class='ocrx_word' id='word_1_41' title='bbox 592 636 671 693; x_wconf 83' lang='lat' dir='ltr'>ferae.</span> 
     </span>
     <span class='ocr_line' id='line_1_8' title="bbox 74 712 847 785; baseline 0.004 -20"><span class='ocrx_word' id='word_1_42' title='bbox 74 727 99 768; x_wconf 72' lang='lat' dir='ltr'>aa</span> <span class='ocrx_word' id='word_1_43' title='bbox 128 718 182 769; x_wconf 89' lang='lat' dir='ltr'>Nec</span> <span class='ocrx_word' id='word_1_44' title='bbox 192 723 280 770; x_wconf 88' lang='lat' dir='ltr'>tamen</span> <span class='ocrx_word' id='word_1_45' title='bbox 291 714 408 771; x_wconf 78' lang='lat' dir='ltr'>Aurorae</span> <span class='ocrx_word' id='word_1_46' title='bbox 418 712 487 770; x_wconf 88' lang='lat' dir='ltr'>male</span> <span class='ocrx_word' id='word_1_47' title='bbox 497 731 526 768; x_wconf 88' lang='lat' dir='ltr'>se</span> <span class='ocrx_word' id='word_1_48' title='bbox 537 712 680 785; x_wconf 78' lang='lat' dir='ltr'>praebebat</span> <span class='ocrx_word' id='word_1_49' title='bbox 689 713 847 768; x_wconf 89' lang='lat' dir='ltr'>amandum.</span> 
     </span>
     <span class='ocr_line' id='line_1_9' title="bbox 165 787 710 860; baseline -0.004 -16"><span class='ocrx_word' id='word_1_50' title='bbox 165 791 223 845; x_wconf 86' lang='lat' dir='ltr'>ibat</span> <span class='ocrx_word' id='word_1_51' title='bbox 231 790 266 844; x_wconf 90' lang='lat' dir='ltr'>ad</span> <span class='ocrx_word' id='word_1_52' title='bbox 275 790 349 845; x_wconf 91' lang='lat' dir='ltr'>hunc</span> <span class='ocrx_word' id='word_1_53' title='bbox 357 788 464 860; x_wconf 86' lang='lat' dir='ltr'>sapiens</span> <span class='ocrx_word' id='word_1_54' title='bbox 474 806 489 843; x_wconf 93' lang='lat' dir='ltr'>a</span> <span class='ocrx_word' id='word_1_55' title='bbox 498 805 562 844; x_wconf 87' lang='lat' dir='ltr'>sene</span> <span class='ocrx_word' id='word_1_56' title='bbox 571 787 632 843; x_wconf 86' lang='lat' dir='ltr'>diva</span> <span class='ocrx_word' id='word_1_57' title='bbox 643 788 710 842; x_wconf 89' lang='lat' dir='ltr'>viro.</span> 
     </span>
     <span class='ocr_line' id='line_1_10' title="bbox 129 861 820 937; baseline -0.003 -19"><span class='ocrx_word' id='word_1_58' title='bbox 129 866 211 936; x_wconf 85' lang='lat' dir='ltr'>Saepe</span> <span class='ocrx_word' id='word_1_59' title='bbox 220 865 272 920; x_wconf 90' lang='lat' dir='ltr'>sub</span> <span class='ocrx_word' id='word_1_60' title='bbox 283 864 391 919; x_wconf 85' lang='lat' dir='ltr'>ilicibus</span> <span class='ocrx_word' id='word_1_61' title='bbox 400 863 530 921; x_wconf 82' lang='lat' dir='ltr'>Venerem</span> <span class='ocrx_word' id='word_1_62' title='bbox 540 861 693 937; x_wconf 76' lang='lat' dir='ltr'>Cinyraque</span> <span class='ocrx_word' id='word_1_63' title='bbox 702 869 820 917; x_wconf 85' lang='lat' dir='ltr'>creatum</span> 
     </span>
     <span class='ocr_line' id='line_1_11' title="bbox 82 936 723 1011; baseline -0.009 -12"><span class='ocrx_word' id='word_1_64' title='bbox 82 989 87 999; x_wconf 91' lang='lat'>.</span> <span class='ocrx_word' id='word_1_65' title='bbox 165 939 295 995; x_wconf 89' lang='lat' dir='ltr'>sustinuit</span> <span class='ocrx_word' id='word_1_66' title='bbox 304 939 402 1011; x_wconf 86' lang='lat' dir='ltr'>positos</span> <span class='ocrx_word' id='word_1_67' title='bbox 411 938 546 1010; x_wconf 88' lang='lat' dir='ltr'>quaelibet</span> <span class='ocrx_word' id='word_1_68' title='bbox 554 937 636 992; x_wconf 89' lang='lat' dir='ltr'>herba</span> <span class='ocrx_word' id='word_1_69' title='bbox 646 936 723 993; x_wconf 87' lang='lat' dir='ltr'>duos.</span> 
     </span>
     <span class='ocr_line' id='line_1_12' title="bbox 129 1011 679 1070; baseline -0.004 -1"><span class='ocrx_word' id='word_1_70' title='bbox 129 1015 202 1069; x_wconf 79' lang='lat' dir='ltr'>Arsit</span> <span class='ocrx_word' id='word_1_71' title='bbox 211 1021 237 1069; x_wconf 89' lang='lat' dir='ltr'>et</span> <span class='ocrx_word' id='word_1_72' title='bbox 246 1012 360 1070; x_wconf 90' lang='lat' dir='ltr'>Oenides</span> <span class='ocrx_word' id='word_1_73' title='bbox 371 1013 399 1068; x_wconf 95' lang='lat' dir='ltr'>in</span> <span class='ocrx_word' id='word_1_74' title='bbox 409 1012 538 1070; x_wconf 87' lang='lat' dir='ltr'>Maenalia</span> <span class='ocrx_word' id='word_1_75' title='bbox 547 1011 679 1068; x_wconf 81' lang='lat' dir='ltr'>Atalanta.</span> 
     </span>
     <span class='ocr_line' id='line_1_13' title="bbox 77 1088 733 1163; baseline -0.003 -20"><span class='ocrx_word' id='word_1_76' title='bbox 77 1103 114 1143; x_wconf 83' lang='lat' dir='ltr'>tuo</span> <span class='ocrx_word' id='word_1_77' title='bbox 166 1088 213 1144; x_wconf 90' lang='lat' dir='ltr'>Illa</span> <span class='ocrx_word' id='word_1_78' title='bbox 224 1088 293 1144; x_wconf 82' lang='lat' dir='ltr'>ferae</span> <span class='ocrx_word' id='word_1_79' title='bbox 301 1088 526 1163; x_wconf 81' lang='lat' dir='ltr'>spoliumpignus</span> <span class='ocrx_word' id='word_1_80' title='bbox 536 1088 635 1143; x_wconf 90' lang='lat' dir='ltr'>amoris</span> <span class='ocrx_word' id='word_1_81' title='bbox 645 1088 733 1142; x_wconf 89' lang='lat' dir='ltr'>habet.</span> 
     </span>
     <span class='ocr_line' id='line_1_14' title="bbox 129 1163 863 1236; baseline 0 -17"><span class='ocrx_word' id='word_1_82' title='bbox 129 1168 182 1220; x_wconf 90' lang='lat' dir='ltr'>Nos</span> <span class='ocrx_word' id='word_1_83' title='bbox 192 1181 300 1236; x_wconf 91' lang='lat' dir='ltr'>quoque</span> <span class='ocrx_word' id='word_1_84' title='bbox 310 1164 363 1219; x_wconf 91' lang='lat' dir='ltr'>iam</span> <span class='ocrx_word' id='word_1_85' title='bbox 372 1164 491 1236; x_wconf 89' lang='lat' dir='ltr'>primum</span> <span class='ocrx_word' id='word_1_86' title='bbox 500 1163 578 1218; x_wconf 90' lang='lat' dir='ltr'>turba</span> <span class='ocrx_word' id='word_1_87' title='bbox 588 1179 761 1217; x_wconf 88' lang='lat' dir='ltr'>numeremur</span> <span class='ocrx_word' id='word_1_88' title='bbox 772 1164 801 1218; x_wconf 93' lang='lat' dir='ltr'>in</span> <span class='ocrx_word' id='word_1_89' title='bbox 814 1163 863 1219; x_wconf 88' lang='lat' dir='ltr'>ista</span> 
     </span>
     <span class='ocr_line' id='line_1_15' title="bbox 166 1237 736 1307; baseline -0.005 -12"><span class='ocrx_word' id='word_1_90' title='bbox 166 1240 194 1295; x_wconf 90' lang='lat' dir='ltr'>Si</span> <span class='ocrx_word' id='word_1_91' title='bbox 204 1241 333 1296; x_wconf 87' lang='lat' dir='ltr'>Venerem</span> <span class='ocrx_word' id='word_1_92' title='bbox 343 1242 429 1307; x_wconf 85' lang='lat' dir='ltr'>tollas,</span> <span class='ocrx_word' id='word_1_93' title='bbox 439 1239 537 1295; x_wconf 88' lang='lat' dir='ltr'>rustica</span> <span class='ocrx_word' id='word_1_94' title='bbox 549 1237 617 1292; x_wconf 86' lang='lat' dir='ltr'>silva</span> <span class='ocrx_word' id='word_1_95' title='bbox 630 1244 736 1292; x_wconf 88' lang='lat' dir='ltr'>tuaest.</span> 
     </span>
     <span class='ocr_line' id='line_1_16' title="bbox 131 1312 892 1387; baseline -0.001 -18"><span class='ocrx_word' id='word_1_96' title='bbox 131 1319 189 1387; x_wconf 89' lang='lat' dir='ltr'>Ipsa</span> <span class='ocrx_word' id='word_1_97' title='bbox 199 1332 288 1371; x_wconf 89' lang='lat' dir='ltr'>comes</span> <span class='ocrx_word' id='word_1_98' title='bbox 297 1314 418 1371; x_wconf 89' lang='lat' dir='ltr'>veniam:</span> <span class='ocrx_word' id='word_1_99' title='bbox 440 1331 488 1369; x_wconf 89' lang='lat' dir='ltr'>nec</span> <span class='ocrx_word' id='word_1_100' title='bbox 497 1329 540 1368; x_wconf 90' lang='lat' dir='ltr'>me</span> <span class='ocrx_word' id='word_1_101' title='bbox 549 1312 683 1368; x_wconf 85' lang='lat' dir='ltr'>salebrosa</span> <span class='ocrx_word' id='word_1_102' title='bbox 693 1314 840 1370; x_wconf 90' lang='lat' dir='ltr'>movebunt</span> <span class='ocrx_word' id='word_1_103' title='bbox 886 1368 892 1387; x_wconf 28' lang='grc' dir='ltr'>Ι,</span> 
     </span>
     <span class='ocr_line' id='line_1_17' title="bbox 167 1387 733 1462; baseline 0 -18"><span class='ocrx_word' id='word_1_104' title='bbox 167 1407 240 1456; x_wconf 79' lang='lat' dir='ltr'>saxa,</span> <span class='ocrx_word' id='word_1_105' title='bbox 252 1407 301 1445; x_wconf 86' lang='lat' dir='ltr'>nec</span> <span class='ocrx_word' id='word_1_106' title='bbox 310 1389 420 1462; x_wconf 89' lang='lat' dir='ltr'>obliquo</span> <span class='ocrx_word' id='word_1_107' title='bbox 429 1389 506 1444; x_wconf 88' lang='lat' dir='ltr'>dente</span> <span class='ocrx_word' id='word_1_108' title='bbox 515 1387 651 1444; x_wconf 88' lang='lat' dir='ltr'>timendus</span> <span class='ocrx_word' id='word_1_109' title='bbox 661 1405 733 1460; x_wconf 89' lang='lat' dir='ltr'>aper.</span> 
     </span>
     <span class='ocr_line' id='line_1_18' title="bbox 78 1463 836 1539; baseline 0.004 -22"><span class='ocrx_word' id='word_1_110' title='bbox 78 1478 114 1519; x_wconf 79' lang='lat'>105</span> <span class='ocrx_word' id='word_1_111' title='bbox 130 1466 252 1537; x_wconf 82' lang='lat' dir='ltr'>Aequora</span> <span class='ocrx_word' id='word_1_112' title='bbox 261 1464 325 1521; x_wconf 93' lang='lat' dir='ltr'>bina</span> <span class='ocrx_word' id='word_1_113' title='bbox 335 1465 393 1521; x_wconf 89' lang='lat' dir='ltr'>suis</span> <span class='ocrx_word' id='word_1_114' title='bbox 402 1470 559 1539; x_wconf 83' lang='lat' dir='ltr'>oppugnant</span> <span class='ocrx_word' id='word_1_115' title='bbox 568 1463 694 1518; x_wconf 90' lang='lat' dir='ltr'>fluctibus</span> <span class='ocrx_word' id='word_1_116' title='bbox 706 1464 836 1531; x_wconf 86' lang='lat' dir='ltr'>Isthmon,</span> 
     </span>
     <span class='ocr_line' id='line_1_19' title="bbox 167 1540 711 1611; baseline 0.002 -16"><span class='ocrx_word' id='word_1_117' title='bbox 167 1548 192 1595; x_wconf 89' lang='lat' dir='ltr'>et</span> <span class='ocrx_word' id='word_1_118' title='bbox 202 1541 289 1596; x_wconf 89' lang='lat' dir='ltr'>tenuis</span> <span class='ocrx_word' id='word_1_119' title='bbox 300 1540 379 1597; x_wconf 90' lang='lat' dir='ltr'>tellus</span> <span class='ocrx_word' id='word_1_120' title='bbox 388 1541 462 1596; x_wconf 89' lang='lat' dir='ltr'>audit</span> <span class='ocrx_word' id='word_1_121' title='bbox 471 1548 617 1611; x_wconf 91' lang='lat' dir='ltr'>utrumque</span> <span class='ocrx_word' id='word_1_122' title='bbox 628 1556 711 1596; x_wconf 90' lang='lat' dir='ltr'>mare.</span> 
     </span>
     <span class='ocr_line' id='line_1_20' title="bbox 130 1615 749 1689; baseline 0.002 -20"><span class='ocrx_word' id='word_1_123' title='bbox 130 1617 178 1670; x_wconf 84' lang='lat' dir='ltr'>Hic</span> <span class='ocrx_word' id='word_1_124' title='bbox 191 1623 278 1671; x_wconf 87' lang='lat' dir='ltr'>tecum</span> <span class='ocrx_word' id='word_1_125' title='bbox 288 1617 420 1672; x_wconf 89' lang='lat' dir='ltr'>Troezena</span> <span class='ocrx_word' id='word_1_126' title='bbox 430 1615 524 1681; x_wconf 87' lang='lat' dir='ltr'>colam,</span> <span class='ocrx_word' id='word_1_127' title='bbox 536 1615 647 1670; x_wconf 81' lang='lat' dir='ltr'>Pittheia</span> <span class='ocrx_word' id='word_1_128' title='bbox 657 1631 749 1689; x_wconf 81' lang='lat' dir='ltr'>regna.</span> 
     </span>
     <span class='ocr_line' id='line_1_21' title="bbox 168 1688 692 1764; baseline 0 -20"><span class='ocrx_word' id='word_1_129' title='bbox 168 1693 224 1744; x_wconf 92' lang='lat' dir='ltr'>Iam</span> <span class='ocrx_word' id='word_1_130' title='bbox 234 1708 307 1746; x_wconf 88' lang='lat' dir='ltr'>nunc</span> <span class='ocrx_word' id='word_1_131' title='bbox 316 1699 356 1745; x_wconf 88' lang='lat' dir='ltr'>est</span> <span class='ocrx_word' id='word_1_132' title='bbox 364 1691 449 1762; x_wconf 86' lang='lat' dir='ltr'>patria</span> <span class='ocrx_word' id='word_1_133' title='bbox 460 1690 559 1764; x_wconf 80' lang='lat' dir='ltr'>gratior</span> <span class='ocrx_word' id='word_1_134' title='bbox 568 1688 613 1743; x_wconf 87' lang='grc'><strong>1113</strong></span> <span class='ocrx_word' id='word_1_135' title='bbox 623 1707 692 1744; x_wconf 87' lang='lat' dir='ltr'>mea.</span> 
     </span>
     <span class='ocr_line' id='line_1_22' title="bbox 130 1764 825 1837; baseline 0.001 -19"><span class='ocrx_word' id='word_1_136' title='bbox 130 1768 259 1836; x_wconf 89' lang='lat' dir='ltr'>Tempore</span> <span class='ocrx_word' id='word_1_137' title='bbox 268 1765 350 1831; x_wconf 83' lang='lat' dir='ltr'>abest,</span> <span class='ocrx_word' id='word_1_138' title='bbox 361 1765 498 1836; x_wconf 90' lang='lat' dir='ltr'>aberitque</span> <span class='ocrx_word' id='word_1_139' title='bbox 507 1764 564 1830; x_wconf 89' lang='lat' dir='ltr'>diu,</span> <span class='ocrx_word' id='word_1_140' title='bbox 576 1765 727 1837; x_wconf 87' lang='lat' dir='ltr'>Neptunius</span> <span class='ocrx_word' id='word_1_141' title='bbox 738 1765 825 1820; x_wconf 91' lang='lat' dir='ltr'>heros.</span> 
     </span>
     <span class='ocr_line' id='line_1_23' title="bbox 77 1840 593 1896; baseline 0.008 -5"><span class='ocrx_word' id='word_1_142' title='bbox 77 1851 114 1892; x_wconf 83' lang='lat' dir='ltr'>tta</span> <span class='ocrx_word' id='word_1_143' title='bbox 169 1840 247 1894; x_wconf 86' lang='lat' dir='ltr'>[llum</span> <span class='ocrx_word' id='word_1_144' title='bbox 258 1840 368 1896; x_wconf 91' lang='lat' dir='ltr'>Pirithoi</span> <span class='ocrx_word' id='word_1_145' title='bbox 378 1840 476 1894; x_wconf 86' lang='lat' dir='ltr'>detinet</span> <span class='ocrx_word' id='word_1_146' title='bbox 485 1857 530 1896; x_wconf 92' lang='lat' dir='ltr'>ora</span> <span class='ocrx_word' id='word_1_147' title='bbox 540 1841 593 1895; x_wconf 92' lang='lat' dir='ltr'>sui.</span> 
     </span>
     <span class='ocr_line' id='line_1_24' title="bbox 130 1914 818 1989; baseline 0.007 -21"><span class='ocrx_word' id='word_1_148' title='bbox 130 1915 283 1985; x_wconf 86' lang='lat' dir='ltr'>Praeposuit</span> <span class='ocrx_word' id='word_1_149' title='bbox 293 1916 420 1982; x_wconf 87' lang='lat' dir='ltr'>Theseus,</span> <span class='ocrx_word' id='word_1_150' title='bbox 432 1916 484 1971; x_wconf 91' lang='lat' dir='ltr'>nisi</span> <span class='ocrx_word' id='word_1_151' title='bbox 494 1917 518 1970; x_wconf 92' lang='lat' dir='ltr'>si</span> <span class='ocrx_word' id='word_1_152' title='bbox 528 1914 667 1970; x_wconf 79' lang='lat' dir='ltr'>manifesta</span> <span class='ocrx_word' id='word_1_153' title='bbox 678 1932 818 1989; x_wconf 73' lang='lat' dir='ltr'>negamus·</span> 
     </span>
    </p>
   </div>
   <div class='ocr_carea' id='block_1_3' title="bbox 132 1990 752 2118">
    <p class='ocr_par' dir='ltr' id='par_1_3' title="bbox 132 1990 752 2118">
     <span class='ocr_line' id='line_1_25' title="bbox 167 1990 752 2062; baseline 0.002 -17"><span class='ocrx_word' id='word_1_154' title='bbox 167 1990 314 2045; x_wconf 89' lang='lat' dir='ltr'>Pirithoum</span> <span class='ocrx_word' id='word_1_155' title='bbox 327 1991 469 2056; x_wconf 88' lang='lat' dir='ltr'>Phaedrae,</span> <span class='ocrx_word' id='word_1_156' title='bbox 481 1991 684 2062; x_wconf 89' lang='lat' dir='ltr'>Pirithoumque</span> <span class='ocrx_word' id='word_1_157' title='bbox 694 1990 752 2046; x_wconf 89' lang='lat' dir='ltr'>tibi.</span> 
     </span>
     <span class='ocr_line' id='line_1_26' title="bbox 132 2058 728 2118; baseline 0.01 -6"><span class='ocrx_word' id='word_1_158' title='bbox 132 2058 192 2113; x_wconf 88' lang='lat' dir='ltr'>Sola</span> <span class='ocrx_word' id='word_1_159' title='bbox 203 2075 250 2112; x_wconf 90' lang='grc'>333</span> <span class='ocrx_word' id='word_1_160' title='bbox 260 2059 324 2112; x_wconf 87' lang='lat' dir='ltr'>haec</span> <span class='ocrx_word' id='word_1_161' title='bbox 335 2059 368 2114; x_wconf 92' lang='lat' dir='ltr'>ad</span> <span class='ocrx_word' id='word_1_162' title='bbox 378 2077 426 2114; x_wconf 92' lang='lat' dir='ltr'>nos</span> <span class='ocrx_word' id='word_1_163' title='bbox 437 2061 536 2115; x_wconf 91' lang='lat' dir='ltr'>iniuria</span> <span class='ocrx_word' id='word_1_164' title='bbox 547 2063 619 2115; x_wconf 89' lang='lat' dir='ltr'>venit</span> <span class='ocrx_word' id='word_1_165' title='bbox 628 2063 662 2115; x_wconf 91' lang='lat' dir='ltr'>ab</span> <span class='ocrx_word' id='word_1_166' title='bbox 673 2061 728 2118; x_wconf 86' lang='grc'><strong>1113.</strong></span> 
     </span>
    </p>
   </div>
   <div class='ocr_carea' id='block_1_4' title="bbox 74 2133 863 2661">
    <p class='ocr_par' dir='ltr' id='par_1_4' title="bbox 74 2133 863 2661">
     <span class='ocr_line' id='line_1_27' title="bbox 169 2133 761 2207; baseline 0.008 -19"><span class='ocrx_word' id='word_1_167' title='bbox 169 2135 200 2188; x_wconf 93' lang='grc'>13</span> <span class='ocrx_word' id='word_1_168' title='bbox 214 2134 319 2207; x_wconf 84' lang='lat' dir='ltr'>magnis</span> <span class='ocrx_word' id='word_1_169' title='bbox 329 2133 393 2188; x_wconf 90' lang='lat' dir='ltr'>laesi</span> <span class='ocrx_word' id='word_1_170' title='bbox 407 2135 488 2190; x_wconf 87' lang='lat' dir='ltr'>rebus</span> <span class='ocrx_word' id='word_1_171' title='bbox 501 2143 613 2206; x_wconf 89' lang='lat' dir='ltr'>uterque</span> <span class='ocrx_word' id='word_1_172' title='bbox 622 2154 728 2194; x_wconf 90' lang='lat' dir='ltr'>sumus.</span> <span class='ocrx_word' id='word_1_173' title='bbox 759 2148 761 2153; x_wconf 84' lang='lat'>&#39;</span> 
     </span>
     <span class='ocr_line' id='line_1_28' title="bbox 81 2207 711 2282; baseline 0.01 -22"><span class='ocrx_word' id='word_1_174' title='bbox 81 2220 116 2261; x_wconf 79' lang='lat'>115</span> <span class='ocrx_word' id='word_1_175' title='bbox 132 2208 198 2263; x_wconf 87' lang='lat' dir='ltr'>Ossa</span> <span class='ocrx_word' id='word_1_176' title='bbox 210 2209 262 2263; x_wconf 89' lang='lat' dir='ltr'>mei</span> <span class='ocrx_word' id='word_1_177' title='bbox 272 2207 369 2275; x_wconf 85' lang='lat' dir='ltr'>fratris,</span> <span class='ocrx_word' id='word_1_178' title='bbox 381 2209 455 2264; x_wconf 91' lang='lat' dir='ltr'>clava</span> <span class='ocrx_word' id='word_1_179' title='bbox 465 2209 593 2282; x_wconf 85' lang='lat' dir='ltr'>perfracta</span> <span class='ocrx_word' id='word_1_180' title='bbox 604 2211 711 2278; x_wconf 89' lang='lat' dir='ltr'>trinodi,</span> 
     </span>
     <span class='ocr_line' id='line_1_29' title="bbox 169 2284 863 2356; baseline 0.009 -18"><span class='ocrx_word' id='word_1_181' title='bbox 169 2285 267 2356; x_wconf 90' lang='lat' dir='ltr'>sparsit</span> <span class='ocrx_word' id='word_1_182' title='bbox 277 2284 369 2339; x_wconf 90' lang='lat' dir='ltr'>humi:</span> <span class='ocrx_word' id='word_1_183' title='bbox 391 2292 513 2340; x_wconf 88' lang='lat' dir='ltr'>sororest</span> <span class='ocrx_word' id='word_1_184' title='bbox 525 2285 621 2356; x_wconf 90' lang='lat' dir='ltr'>praeda</span> <span class='ocrx_word' id='word_1_185' title='bbox 637 2286 724 2343; x_wconf 87' lang='lat' dir='ltr'>relicta</span> <span class='ocrx_word' id='word_1_186' title='bbox 736 2288 807 2344; x_wconf 86' lang='lat' dir='ltr'>feris.</span> <span class='ocrx_word' id='word_1_187' title='bbox 857 2286 863 2300; x_wconf 85' lang='lat'><strong><em>&#39;</em></strong></span> 
     </span>
     <span class='ocr_line' id='line_1_30' title="bbox 135 2360 694 2434; baseline 0.005 -22"><span class='ocrx_word' id='word_1_188' title='bbox 135 2360 222 2414; x_wconf 89' lang='lat' dir='ltr'>Prima</span> <span class='ocrx_word' id='word_1_189' title='bbox 235 2361 398 2434; x_wconf 81' lang='lat' dir='ltr'>securigeras</span> <span class='ocrx_word' id='word_1_190' title='bbox 408 2362 476 2416; x_wconf 91' lang='lat' dir='ltr'>inter</span> <span class='ocrx_word' id='word_1_191' title='bbox 486 2361 583 2415; x_wconf 89' lang='lat' dir='ltr'>virtute</span> <span class='ocrx_word' id='word_1_192' title='bbox 592 2361 694 2431; x_wconf 83' lang='lat' dir='ltr'>puellas</span> 
     </span>
     <span class='ocr_line' id='line_1_31' title="bbox 169 2435 687 2510; baseline 0.006 -23"><span class='ocrx_word' id='word_1_193' title='bbox 169 2443 194 2488; x_wconf 88' lang='lat' dir='ltr'>te</span> <span class='ocrx_word' id='word_1_194' title='bbox 202 2437 312 2506; x_wconf 89' lang='lat' dir='ltr'>peperit.</span> <span class='ocrx_word' id='word_1_195' title='bbox 324 2435 378 2490; x_wconf 90' lang='lat' dir='ltr'>nati</span> <span class='ocrx_word' id='word_1_196' title='bbox 391 2436 472 2510; x_wconf 79' lang='lat' dir='ltr'>digna</span> <span class='ocrx_word' id='word_1_197' title='bbox 483 2435 574 2509; x_wconf 85' lang='lat' dir='ltr'>vigore</span> <span class='ocrx_word' id='word_1_198' title='bbox 583 2453 687 2506; x_wconf 89' lang='lat' dir='ltr'>parens.</span> 
     </span>
     <span class='ocr_line' id='line_1_32' title="bbox 132 2510 830 2588; baseline 0.007 -25"><span class='ocrx_word' id='word_1_199' title='bbox 132 2510 159 2564; x_wconf 80' lang='lat' dir='ltr'>si</span> <span class='ocrx_word' id='word_1_200' title='bbox 170 2528 291 2581; x_wconf 85' lang='lat' dir='ltr'>quaeras,</span> <span class='ocrx_word' id='word_1_201' title='bbox 304 2511 350 2566; x_wconf 92' lang='lat' dir='ltr'>ubi</span> <span class='ocrx_word' id='word_1_202' title='bbox 361 2512 410 2579; x_wconf 80' lang='lat' dir='ltr'>sit3</span> <span class='ocrx_word' id='word_1_203' title='bbox 433 2511 551 2566; x_wconf 87' lang='lat' dir='ltr'>Theseus</span> <span class='ocrx_word' id='word_1_204' title='bbox 565 2511 634 2565; x_wconf 89' lang='lat' dir='ltr'>latus</span> <span class='ocrx_word' id='word_1_205' title='bbox 644 2529 706 2566; x_wconf 88' lang='lat' dir='ltr'>ense</span> <span class='ocrx_word' id='word_1_206' title='bbox 716 2515 830 2588; x_wconf 77' lang='lat' dir='ltr'>peregit3</span> 
     </span>
     <span class='ocr_line' id='line_1_33' title="bbox 74 2585 651 2661; baseline 0.007 -25"><span class='ocrx_word' id='word_1_207' title='bbox 74 2597 116 2637; x_wconf 69' lang='lat' dir='ltr'>rra</span> <span class='ocrx_word' id='word_1_208' title='bbox 168 2603 218 2639; x_wconf 87' lang='lat' dir='ltr'>nec</span> <span class='ocrx_word' id='word_1_209' title='bbox 227 2593 299 2640; x_wconf 90' lang='lat' dir='ltr'>tanto</span> <span class='ocrx_word' id='word_1_210' title='bbox 309 2593 393 2642; x_wconf 89' lang='lat' dir='ltr'>mater</span> <span class='ocrx_word' id='word_1_211' title='bbox 403 2587 516 2661; x_wconf 81' lang='lat' dir='ltr'>pignore</span> <span class='ocrx_word' id='word_1_212' title='bbox 526 2594 581 2642; x_wconf 91' lang='lat' dir='ltr'>tuta</span> <span class='ocrx_word' id='word_1_213' title='bbox 591 2585 651 2641; x_wconf 81' lang='lat' dir='ltr'>fuit.</span> 
     </span>
    </p>
   </div>
   <div class='ocr_carea' id='block_1_5' title="bbox 111 2657 810 2740">
    <p class='ocr_par' dir='ltr' id='par_1_5' title="bbox 111 2657 810 2740">
     <span class='ocr_line' id='line_1_34' title="bbox 111 2657 810 2740; baseline 0.009 -30"><span class='ocrx_word' id='word_1_214' title='bbox 111 2657 154 2710; x_wconf 74' lang='lat' dir='ltr'>At</span> <span class='ocrx_word' id='word_1_215' title='bbox 162 2669 312 2735; x_wconf 82' lang='lat' dir='ltr'>necnupta</span> <span class='ocrx_word' id='word_1_216' title='bbox 325 2663 442 2738; x_wconf 88' lang='lat' dir='ltr'>quidem</span> <span class='ocrx_word' id='word_1_217' title='bbox 453 2661 587 2740; x_wconf 89' lang='lat' dir='ltr'>taedaque</span> <span class='ocrx_word' id='word_1_218' title='bbox 597 2662 810 2737; x_wconf 61' lang='lat' dir='ltr'>acceptaiugah.</span> 
     </span>
    </p>
   </div>
   <div class='ocr_carea' id='block_1_6' title="bbox 0 0 949 2962">
    <p class='ocr_par' dir='ltr' id='par_1_6' title="bbox 0 0 949 2962">
     <span class='ocr_line' id='line_1_35' title="bbox 0 0 949 2962; baseline 0 0"><span class='ocrx_word' id='word_1_219' title='bbox 0 0 949 2962; x_wconf 95' lang='lat' dir='ltr'> </span> 
     </span>
    </p>
   </div>
  </div>
 </body>
</html>
