1868 2962
56 147 424 197 uuonnun1n.1.nn.
445 151 469 196 a.
586 136 635 196 iii»

46 267 112 306 ersos
125 259 227 307 mantes
238 250 424 323 duplicataque
435 251 527 307 nimbo

45 346 51 381 ε
71 336 211 401 congestas
222 334 337 381 conteret
346 326 391 381 ilie
402 327 476 382 nives

46 419 168 458 sessurus
178 402 295 458 tumidas
305 402 473 457 caussabitur
481 403 577 471 Euros,

47 478 184 533 verrendis
196 479 282 533 sidera
292 486 402 550 quaeret
411 478 500 549 aquis.

55 553 97 608 vel
109 553 186 608 miles
197 554 359 620 veleamus,
381 562 406 608 et
417 551 515 627 frigora
524 554 608 611 noctis
666 569 691 611 15

52 630 146 684 mistas
156 629 267 701 perferet
278 630 363 684 imbre
374 629 469 684 nives?

46 703 118 760 ‘estas
128 705 193 760 alter
203 706 352 777 speculator
365 705 393 759 in
404 705 507 776 hostes;

53 780 234 847 oculosalten
255 781 383 846 niuosae,
405 788 485 837 tenet.

48 857 144 922 urbes,
166 856 302 912 hiedurae
312 856 393 911 limen
404 857 505 912 amicae

63 932 107 987 hic
117 942 206 1006 portas
217 931 330 1007 frangit,
352 941 378 987 at
388 931 432 988 ille
442 932 521 990 forem
667 945 693 988 2⁰

46 1016 114 1064 ratos
125 1009 250 1064 invadere
260 1007 360 1080 profuit
369 1009 467 1075 hostes,

47 1091 174 1139 atarmata
184 1083 498 1158 vuigusinermemanu.

48 1161 121 1215 reicii
132 1161 284 1215 ceciderunt
293 1159 401 1234 agmina
412 1160 492 1215 Rhesi
501 1177 508 1229 ;

47 1254 102 1290 inm
112 1236 181 1308 capti
192 1235 347 1291 deseruistis
356 1235 430 1308 equi.

47 1311 155 1368 aiterum
166 1312 268 1367 somnis
278 1319 392 1367 utuntur
404 1319 534 1379 amantes,
667 1323 693 1367 25

47 1388 111 1460 ¹pitis
123 1388 245 1443 hostibus
256 1406 328 1442 arma
338 1395 456 1444 movent.

47 1464 160 1519 transire
169 1482 267 1519 manns
277 1462 448 1537 vigilumque
457 1469 586 1530 catervas,

46 1549 55 1596 t
65 1540 156 1595 miseri
167 1549 207 1594 est
216 1557 321 1611 semper
331 1539 446 1594 amantis
456 1555 535 1610 opus.

47 1635 80 1685 is,
92 1634 139 1671 nec
149 1623 218 1671 certa
229 1617 335 1683 Venus3
351 1615 469 1688 victique
478 1623 636 1690 resurgunt5

58 1710 139 1766 neges
149 1709 271 1764 unquam
282 1709 361 1763 posse
372 1691 470 1758 iacere,
491 1690 600 1749 cadunt.
668 1703 694 1748 aa

46 1770 99 1823 iam
110 1768 267 1841 quicunque
275 1767 381 1824 vacabit
390 1785 518 1834 amorem,

70 1843 173 1919 Ingenii
185 1852 224 1899 est
236 1843 397 1915 experientis
410 1861 494 1900 amor.

47 1919 131 1975 uincta
140 1919 257 1975 Briseide
267 1927 385 1975 moestus
395 1918 523 1976 Achillae.

47 2003 82 2060 et,
103 1995 217 2069 Argivas
227 1994 342 2068 frangite
352 1996 432 2052 Troe's
441 2013 515 2069 apes.

47 2071 235 2127 indramaches
245 2068 430 2141 complexibus
441 2071 632 2128 ibatinarma:
668 2082 694 2125 aa

47 2166 91 2202 am
101 2147 181 2219 capiti
192 2164 262 2219 quae
271 2146 359 2213 daret,
380 2165 449 2203 uxor
458 2155 523 2203 erat.

49 2241 111 2278 cum
121 2222 227 2278 Atrides
236 2221 295 2278 visa
304 2221 452 2279 Priameide
461 2222 545 2280 fertur

48 2302 66 2354 La
76 2299 169 2355 effusis
179 2298 351 2370 obstupuisse
359 2299 454 2355 comis.

48 2393 78 2431 ua
87 2375 236 2447 deprensus
245 2372 350 2430 fabrilia
359 2374 468 2431 vincula
479 2373 573 2428 sensit.

48 2449 397 2508 aeoeloiabulanullaiuit.
669 2454 694 2501 aa

48 2527 111 2601 gnis
121 2544 209 2593 eram,
229 2524 412 2598 discinctaque
422 2525 451 2578 in
461 2523 514 2579 otia
525 2529 618 2578 natus:

49 2604 192 2658 ntanimos
200 2600 285 2659 iectus
295 2608 322 2658 et
331 2601 431 2659 umbra
439 2617 531 2660 meua.

48 2675 354 2810 qvamformasaacura
366 2678 496 2758 puellae,
544 2768 579 2826 K
