1868 2962
130 134 178 185 488
317 112 683 184 r.0viu11uusou1s

128 241 267 294 Formosas
277 237 372 308 Superi
381 245 505 293 metuunt
513 236 644 294 offendere
656 237 736 294 laesi:

164 322 244 385 atque
253 312 337 379 ultro,
359 331 529 386 quaesenou
539 313 662 379 timuere,
684 316 789 371 timent.

126 390 161 444 Et
170 388 315 461 quisquam
325 388 370 461 pia
380 396 440 443 tura
449 387 514 444 locis
524 389 660 461 imponere
670 389 766 445 curat?

165 464 240 520 Certe
250 463 312 535 plus
322 463 405 518 animi
419 462 497 518 debet
505 464 593 520 inesse
601 462 679 519 viris.

74 554 99 596 35
127 541 227 612 Iupiter
237 540 301 614 igne
313 534 363 594 suc¹
374 538 449 594 lucos
459 538 590 593 iaculatur
599 546 625 593 et
634 555 718 606 arces,

165 616 303 686 missaque
311 613 432 686 periuras
443 612 493 668 tela
506 610 583 668 ferire
596 610 677 673 velet.

128 692 177 746 Tot
185 705 305 745 meruere
315 689 384 760 peti:
405 687 508 744 Semele
520 686 683 744 miserabilis
692 690 772 747 arsit:

166 765 253 822 officio
263 771 302 818 est
312 764 351 818 illi
361 782 446 836 poena
455 772 556 835 reperta
565 781 625 819 suo.

103 902 107 909 ,
128 841 164 897 At
175 841 198 895 si
209 846 322 894 venturo
331 857 360 894 se
370 838 545 894 subduxisset
557 839 668 905 amanti,

76 925 100 971 to
168 934 221 971 uon
231 923 306 986 peter
315 913 343 969 in
356 913 458 970 Baccho
469 914 561 969 metris
572 914 681 970 heberet
690 930 769 971 unus.

128 990 200 1058 Quid
210 1007 316 1062 queror,
338 996 363 1044 et
372 988 419 1044 teti
429 988 497 1045 facio
508 988 628 1044 convicia
639 986 731 1046 ccclol

165 1066 196 1120 Di
216 1081 325 1137 quoque
344 1064 443 1120 habeut
470 1062 576 1121 oculos:
605 1064 765 1196 <grauemque
788 1072 844 1140 peut

677 1147 710 1197 nt

129 1215 156 1270 Si
166 1215 233 1270 deus
242 1214 300 1286 ipse
309 1213 401 1279 iorem,
423 1231 524 1269 numen
535 1214 593 1270 sine
603 1212 696 1271 fraude
706 1212 797 1273 llceret
823 1238 826 1244 ·

166 1288 264 1343 femina
275 1289 396 1344 mendaci
407 1287 508 1344 falleret
516 1307 561 1345 ore
570 1307 671 1346 meum.

76 1375 100 1420 ts
129 1368 188 1438 lpse
197 1382 245 1438 ego
256 1365 371 1419 iurarem
385 1381 478 1420 verum
489 1364 592 1420 iurasse
620 1364 720 1432 uellus,

166 1439 192 1496 e't
201 1458 254 1496 nou
265 1439 298 1496 de
307 1439 405 1496 tetricis
416 1439 517 1495 dicerer
525 1458 584 1496 esse
591 1381 668 1496 illus.

131 1519 171 1572 Tu
184 1525 272 1572 tamen
283 1516 391 1573 illorum
401 1515 563 1572 moderatius
572 1523 646 1572 utere
655 1516 736 1583 douo,

167 1601 213 1647 aut
222 1591 306 1648 oculis
316 1599 384 1648 certe
393 1608 481 1664 parce,
500 1589 599 1662 puella,
621 1590 700 1647 meis.

333 1768 574 1826 ELEGIA
619 1768 680 1823 lv.

130 1882 208 1944 Dure
217 1889 268 1953 vir,
290 1888 415 1960 imposito
427 1896 531 1944 tenerae
539 1886 648 1944 custode
660 1887 776 1960 puellae,

168 1963 204 2019 nil
217 1964 288 2037 ugis;
309 1965 418 2038 ingenio
428 1981 551 2037 quaeque
561 1962 781 2022 tuendasuoest.

130 2040 158 2094 Si
167 2057 220 2111 qua
230 2047 303 2094 metu
313 2039 402 2095 demto
410 2047 542 2106 castacst,
563 2057 594 2094 ea
603 2038 720 2112 denique
729 2047 803 2097 caste
812 2052 844 2098 est

168 2131 246 2187 quae,
267 2112 396 2187 quianon
407 2114 492 2181 liceat,
514 2133 567 2170 non
578 2113 653 2182 lacit3
675 2112 722 2169 illa
736 2115 811 2172 lacit.

77 2206 87 2247 5
130 2191 163 2246 Ut
173 2192 227 2246 iam
237 2190 351 2245 servaris
362 2192 429 2246 bene
440 2208 546 2263 eorpus,
568 2188 685 2245 adultera
696 2206 776 2246 mens
786 2199 840 2248 est:

168 2285 216 2322 nec
227 2266 365 2332 custodiri,
386 2266 414 2320 ni
425 2266 498 2332 velit,
519 2265 678 2338 ullapotest.

130 2345 184 2398 Nec
193 2351 309 2398 mentem
324 2359 429 2397 servare
437 2351 521 2414 potes,
542 2339 701 2397 licetcmniu
711 2340 832 2398 claudes.

169 2418 302 2474 Omnibus
313 2417 439 2481 exclusis,
460 2417 533 2472 intus
544 2415 646 2471 adulter
655 2415 715 2471 erit.

51 2543 52 2548 ,
132 2494 181 2550 Cui
192 2511 298 2566 peccare
307 2493 376 2556 licet,
399 2493 598 2563 peecatminus.
627 2492 816 2563 lpsapotestes

76 2583 102 2624 lc
166 2570 270 2626 semina
281 2566 415 2643 nequitiae
426 2566 592 2641 languidiora
602 2565 671 2621 facit.

67 2694 70 2699 .
115 2648 228 2716 Desr'rre,
252 2647 333 2706 crede
343 2645 425 2716 mihi,
444 2641 765 2703 vitiairritureueteudex
