1868 2962
94 129 257 176 Auouuu
276 132 344 179 nis.
363 133 520 178 11.'nn.11
635 128 684 182 t69

32 230 98 285 tedio
109 229 158 284 late
167 248 265 302 ponere
277 234 397 289 membra
407 245 471 289 toro.

32 305 49 360 ii
62 322 243 361 saevusamor
252 325 361 362 somnos
371 308 511 380 abrumpat
523 309 631 366 inertes:

32 398 83 454 que
92 380 146 434 mei
156 380 215 435 lecti
226 400 280 436 non
290 399 338 456 ego
347 381 421 437 solus
430 400 508 438 onus.
713 396 739 440 2⁰

32 473 50 510 a
61 454 208 529 disperdat,
230 455 304 512 nullo
318 457 489 529 prohibente,
509 459 607 530 puella,

32 530 75 585 itis
85 548 139 585 uun
149 539 248 603 potest,
269 532 292 586 si
303 533 395 588 minus
405 551 475 599 una,
496 533 574 589 duae.

32 624 87 661 am.
118 606 250 673 Graciles,
272 625 324 663 non
334 617 398 663 sunt
408 609 466 663 sine
475 606 579 664 viribus
589 617 676 666 artus·

32 681 105 748 dere,
128 699 181 736 non
196 681 300 748 nervis,
320 701 429 755 corpora
442 691 531 739 nostra
542 692 640 740 carent.

33 756 141 811 ridebit
150 757 179 811 in
188 757 259 812 vires
269 757 392 812 alimenta
402 758 535 831 voluptas.
714 771 740 815 25

32 839 88 904 epta
98 838 138 886 est
147 849 225 904 opera
236 830 309 887 nulla
320 833 409 905 puella
420 851 489 888 mea.

34 924 98 982 ego,
120 906 383 964 lascivaeconsumto
394 916 510 982 tempore
520 910 616 977 noetis,

33 984 88 1038 'set
98 981 158 1037 sorti
167 999 275 1055 corpore
285 1001 363 1038 mane
376 982 425 1040 fui.

51 1075 133 1130 quem
143 1058 254 1114 Veneris
264 1059 408 1113 certamina
418 1067 513 1116 mutua
523 1061 652 1134 perdunt!

33 1135 127 1200 sciant,
149 1131 194 1188 leti
204 1151 299 1188 caussa
312 1134 405 1188 sitista
415 1135 482 1190 mei!
716 1146 741 1190 tt

33 1248 36 1263 .
45 1209 164 1265 adversis
174 1209 304 1264 contraria
313 1217 417 1282 pectora
428 1209 486 1264 telis

33 1303 69 1351 es,
91 1293 116 1340 et
129 1293 265 1340 aeternum
274 1286 407 1360 sanguine
417 1302 514 1341 nomen
524 1292 603 1341 emat.

33 1369 55 1416 st
64 1378 160 1416 avarus
172 1378 250 1432 opes3
271 1367 297 1415 et
306 1378 376 1432 quae
389 1360 494 1416 lassarit
504 1360 602 1416 arando

33 1453 107 1502 nora,
127 1435 235 1508 periuro
245 1434 392 1510 naufragus
402 1453 446 1490 ore
456 1436 539 1491 bibat.

33 1511 52 1566 ii
63 1511 199 1586 contingat
209 1511 320 1566 Veneris
334 1510 504 1585 languescere
515 1516 599 1574 motu,
718 1522 744 1566 at

33 1605 64 1642 im
75 1587 187 1649 morian:
209 1585 329 1641 medium
338 1584 427 1641 solvar
436 1592 462 1639 et
472 1585 539 1639 inter
549 1601 631 1656 opus:

33 1661 145 1734 aliquis,
167 1670 257 1717 nostro
267 1660 408 1716 lacrimans
419 1661 448 1716 in
458 1659 564 1727 funere,
585 1658 668 1716 dicat:

33 1739 147 1795 ueniens
157 1737 227 1794 vitae
236 1754 309 1793 mors
319 1735 370 1793 fuit
380 1737 430 1792 ista
440 1744 510 1792 tuae.

145 1913 387 1971 ELEGIA
433 1913 493 1969 Xl.

33 2032 130 2090 maias
140 2034 243 2100 docuit,
264 2032 427 2090 mirantibus
437 2033 558 2106 aequoris
569 2034 660 2101 undis,

35 2127 82 2166 aco
91 2110 172 2182 pinus
182 2109 280 2164 vertice
290 2124 366 2164 caesa
375 2108 448 2164 vias:

33 2193 209 2242 oncurrentes
219 2185 288 2240 inter
298 2184 434 2239 temeraria
445 2195 534 2240 cautes

33 2261 152 2333 spicuam
163 2259 237 2315 fulvo
246 2259 344 2314 vellere
353 2261 427 2314 vexit
435 2278 523 2315 ovem.

34 2354 98 2404 iam,
120 2353 154 2391 ne
163 2335 226 2407 quis
235 2352 309 2390 remo
318 2333 383 2389 freta
394 2335 472 2408 longa
481 2337 608 2395 moveret,
732 2341 744 2384 5

34 2429 52 2475 :0
62 2410 181 2466 funestas
191 2427 282 2482 pressa
292 2409 404 2466 bibisset
413 2409 511 2481 aquas!

34 2486 91 2560 ugit
101 2493 248 2557 notumque
259 2492 346 2539 torum
355 2485 495 2555 sociosque
504 2483 622 2545 Penates,

34 2577 142 2633 acesque
153 2560 212 2614 vias
225 2560 264 2613 ire
274 2559 389 2616 Corinna
401 2565 486 2631 parat.

34 2635 289 2700 tibuniemiserumi
303 2630 725 2716 ZephyrosEunosuuet'unebo„
