1868 2962
129 130 161 180 26
299 131 329 176 P.
354 129 484 176 0v1n11
502 129 671 176 NASONIS

111 300 113 303 Ι
130 228 622 303 Gratulorincolumi,quantumsinis;
635 230 685 286 hoc
694 237 783 285 tamen
795 232 851 302 ipsa

165 307 309 362 debueram
319 306 418 377 scripto
427 306 523 361 certior
530 321 589 360 esse
600 311 658 360 tuo.

76 399 86 438 5
129 385 207 447 Nam,
216 399 250 437 ne
261 388 337 452 pacta
348 381 395 436 tibi
404 389 507 453 praeter
517 397 575 434 maa
585 397 666 454 regna
676 379 786 446 redires,

166 475 252 529 quum
261 474 381 528 cuperes,
391 464 485 512 ventos
496 473 548 511 non
560 455 687 510 habuisse
696 463 781 527 potes.

129 530 400 600 Quamlibetadverso
408 531 530 605 signetur
539 530 648 601 epistola
658 537 753 598 vent03

167 607 270 682 Hypsip
290 606 315 661 ie
324 607 406 662 missa
416 605 498 680 digna
509 605 593 660 salute
603 604 653 660 iui.

130 684 184 740 Cur
195 683 262 738 mihi
272 626 343 737 iama
352 682 433 753 prior,
446 699 529 753 quam
539 682 633 736 nuntia
646 680 729 747 litera,
741 682 825 747 venit,

77 773 101 815 10
167 760 220 814 isse
228 775 316 814 sacros
324 757 402 813 Marti
411 757 463 812 sub
474 757 503 812 iu
522 775 537 812 a
547 756 633 828 panda
644 755 744 811 boves?

130 835 279 890 seminibus
289 833 365 888 iactis
374 840 476 906 segetes
487 774 605 887 adolesse
614 832 744 897 virorum,

168 911 251 982 inque
260 925 351 964 necem
361 908 453 966 dextra
463 925 517 964 non
527 907 632 982 eguisse
642 905 705 962 tua‘?

130 983 287 1058 pervigilem
298 983 415 1056 spolium
424 983 534 1056 pecudis
544 999 664 1038 servasse
673 982 826 1049 draconem,

169 1067 242 1132 rapta
251 1067 339 1113 tamen
351 1057 411 1114 forti
421 1057 518 1114 vellera
529 1057 602 1113 fulva
613 1057 714 1113 manui

79 1151 103 1190 15
132 1138 201 1190 Haec
211 1152 259 1208 ego
272 1134 295 1188 si
308 1151 416 1206 possem
426 1133 520 1188 timide
529 1133 707 1199 credentibus,
720 1134 771 1187 Ista

169 1211 226 1283 ipse
235 1209 303 1264 mihi
313 1209 430 1280 scripsit,
441 1207 542 1275 dicere,
554 1215 654 1280 quanta
667 1207 764 1264 forem!

132 1285 203 1352 Ouid
213 1301 310 1356 queror
319 1282 438 1341 officium
448 1282 512 1339 lenti
520 1300 637 1338 cessasse
648 1283 754 1339 mariti‘?

170 1360 346 1433 Obsequium,
359 1376 454 1414 maneo
464 1357 488 1412 si
497 1367 552 1424 tua,
563 1360 664 1432 grande
674 1359 733 1414 tuli.

132 1437 246 1492 barbara
256 1441 378 1492 narratur
387 1434 494 1490 venisse
504 1434 620 1490 venefica
630 1442 727 1500 tecum,

79 1528 103 1567 ‘ru
169 1514 198 1568 in
207 1511 275 1567 mihi
285 1510 410 1585 promissi
420 1518 495 1583 parte
505 1518 606 1582 recepta
617 1510 675 1566 tori.

133 1586 245 1644 Credula
256 1605 297 1643 ros
307 1606 381 1644 amor
391 1595 444 1656 est3
465 1586 569 1641 utinam
579 1586 716 1640 temeraria
728 1585 801 1640 dicar

169 1663 328 1718 criminibus
339 1662 413 1717 falsis
423 1661 596 1717 insimulasse
605 1661 708 1715 virum!

134 1741 224 1810 Nuper
233 1738 267 1793 ab
277 1736 430 1792 Haemoniis
443 1738 540 1808 hospes
550 1737 617 1791 mihi
627 1735 770 1790 Thessalus
780 1737 834 1792 oris

170 1820 291 1881 venerat;
312 1821 338 1868 et
347 1819 445 1868 tactum
454 1812 503 1868 vix
511 1812 578 1866 bene
588 1810 669 1866 limen
679 1819 747 1865 erat:

81 1904 104 1946 25
133 1889 287 1954 Aesonides,
298 1888 365 1955 dixi,
380 1888 446 1960 quid
457 1888 512 1960 agit
522 1886 617 1941 meus?
635 1886 683 1942 Ille
691 1887 793 1959 pudore

171 1964 264 2032 haesit,
281 1965 309 2019 in
319 1963 439 2035 opposita
449 1962 550 2018 lumina
561 1962 632 2017 fixus
641 1963 734 2018 humo.

133 2041 258 2096 Protinus
270 2040 381 2107 exsilui;
403 2038 556 2111 tunicisque
566 2055 581 2093 a
591 2045 695 2109 pectore
705 2039 801 2110 ruptis,

171 2113 262 2173 vivit?
280 2133 324 2181 an,
338 2114 467 2181 exclamo,
478 2131 522 2169 me
531 2130 640 2185 quoque
650 2112 702 2169 iata
712 2112 840 2169 trabunt?

135 2192 216 2258 Vivit,
228 2191 278 2259 ait3
300 2189 479 2263 timidumque
489 2189 556 2243 mihi
569 2189 656 2243 iurare
666 2190 750 2262 coegi,

81 2279 106 2320 'au
172 2267 224 2324 Vir
234 2265 311 2331 mibi,
323 2272 388 2321 teste
396 2265 456 2325 deo,
469 2264 567 2319 credita
577 2265 631 2319 vita
641 2271 685 2320 tua
696 2273 745 2319 est.

135 2343 169 2397 Ut
180 2342 255 2401 rediit
265 2341 381 2406 animus,
392 2348 436 2394 tua
447 2340 513 2394 iacta
523 2339 656 2412 requirere
666 2340 749 2410 coepi.

172 2419 275 2482 Narrat,
287 2416 426 2488 aenipedes
437 2414 527 2470 Martis
538 2432 626 2470 arasse
635 2415 730 2471 boves:

136 2492 255 2563 vipereos
263 2493 354 2548 dentes
363 2491 392 2546 in
402 2491 517 2546 humum
527 2508 576 2562 pro
586 2491 687 2546 semine
697 2490 787 2554 iactos,

174 2575 199 2622 et
209 2568 298 2624 subito
308 2577 381 2624 natos
392 2585 465 2621 arma
475 2566 568 2621 tulisse
577 2567 649 2621 viros
658 2586 663 2619 ι

68 2652 99 2692 55
122 2643 276 2716 ,terrigenas
281 2644 402 2719 populos
412 2642 487 2720 civili
499 2642 738 2716 Martepermtes,
