1868 2962
129 167 179 219 260
326 169 354 214 P.
376 158 503 214 ovtmt
521 167 694 217 NASONIS

128 272 190 326 Illos
199 267 312 324 artifices
321 269 423 344 gemini
433 267 515 324 fecere
524 268 622 326 libelli:

166 347 230 400 haec
239 362 349 417 quoque
360 363 422 418 pars
433 345 543 400 monitis
552 343 700 402 erudienda
709 345 773 402 tuis.

128 421 226 476 Probra
236 421 422 492 Therapnaeae
435 419 484 492 qui
494 418 597 476 dixerat
609 428 672 476 anta
681 421 800 487 maritae,

75 512 100 554 50
165 514 229 552 mox
238 497 334 552 cecinit
344 495 435 551 laudes
445 495 611 567 prosperiore
624 494 694 570 lyra.

129 573 156 627 Si
166 573 234 627 bene
243 580 268 627 te
278 572 357 638 nosti,
376 569 462 626 cultas
471 588 505 626 na
518 569 591 626 laeda
599 569 716 643 puellas.

168 648 268 716 Gratia,
288 647 354 703 dum
365 647 449 711 vives,
470 645 521 702 ista
530 645 643 718 petenda
653 646 704 702 tibi
716 654 767 702 ast.

129 725 245 789 Dixerat,
265 730 291 778 et
299 723 379 796 myrti
390 720 487 808 (myrto
497 739 561 777 nam
570 720 662 778 vineta
722 721 783 778 illos

167 798 337 871 constiterat)
357 796 450 853 sotrum
460 814 599 872 granaque
607 814 694 870 pauea
722 798 787 854 edit.

76 889 102 932 55
131 875 270 931 Sensimus
279 881 417 945 aceeptum
427 889 529 928 numen
538 889 658 946 quoque.
689 872 866 931 Purioraetber

168 949 257 1014 fulsit,
277 956 326 1003 ate
339 955 392 1003 toto
401 953 506 1020 pectore
515 948 595 1003 cessit
602 966 684 1004 onus.

130 1023 275 1080 Dumfavet
284 1023 435 1098 ingenium,
445 1023 526 1094 petite
535 1024 599 1079 bine
607 1030 760 1097 praecepta,
768 1021 866 1098 puellae,

169 1119 238 1174 quas
247 1097 333 1173 pudor
343 1105 369 1153 et
379 1097 450 1174 leges
460 1105 487 1154 et
495 1116 545 1154 sua
554 1099 614 1155 iura
624 1098 731 1156 sinunt.

131 1178 263 1231 Venturae
273 1192 404 1230 memores
414 1173 469 1229 iam
478 1191 552 1230 nune
561 1182 643 1231 estete
655 1184 793 1232 senectae:

77 1265 102 1308 te
169 1252 207 1305 sic
218 1250 325 1306 nullum
336 1249 413 1305 vobis
424 1257 530 1322 tempus
537 1250 622 1306 abibit
631 1251 716 1309 iners.

131 1329 200 1382 Dum
212 1325 280 1392 licet,
301 1333 326 1379 et
335 1341 412 1380 veros
421 1324 504 1380 etiam
513 1343 586 1382 nune
596 1325 676 1381 editis
685 1345 784 1394 annos,

170 1400 267 1456 ludite:
288 1407 353 1456 eunt
362 1399 428 1456 anni
439 1417 512 1457 more
522 1399 629 1457 fluentis
639 1418 737 1474 aquae.

131 1480 193 1544 Nec,
215 1494 285 1550 quae
294 1475 437 1549 praeteriit,
458 1477 816 1534 eursurevocabiturunda:

172 1571 229 1619 nec,
251 1571 321 1626 quae
329 1553 473 1625 praeteriit,
494 1552 559 1608 hora
568 1552 655 1608 redire
663 1554 768 1625 potest.ยน

78 1644 102 1685 65
131 1629 266 1684 Utendum
275 1635 315 1683 est
324 1635 421 1696 aetate,
441 1629 493 1685 cite
506 1627 572 1700 pede
582 1627 682 1683 labitur
693 1637 780 1686 aetas:

169 1721 217 1758 nec
227 1704 297 1759 bena
307 1705 509 1775 temsequitur,
531 1721 615 1776 quam
624 1704 696 1760 bona
705 1705 795 1777 prima
805 1705 857 1759 fuit.

131 1780 252 1853 Hasego,
273 1778 322 1851 qui
331 1785 437 1845 canent,
458 1777 567 1834 frutices
576 1777 687 1835 violaria
698 1779 771 1836 vidi:

170 1855 220 1909 hae
230 1854 298 1910 mihi
308 1854 341 1910 de
350 1853 429 1928 spina
438 1861 512 1930 grata
521 1871 617 1910 eorana
629 1853 691 1910 data
701 1864 751 1910 est.

132 1932 250 2002 Tempus
259 1931 318 1996 erit,
330 1938 433 2003 quotu,
445 1948 515 2003 quae
524 1947 597 1985 nune
606 1928 729 2006 exeludis
739 1939 872 1987 amantem.

78 2021 104 2062 70
170 2006 267 2081 frigida
276 2007 377 2062 deserta
388 2014 463 2062 nocte
476 2005 574 2061 iacebis
585 2023 670 2060 anus:

134 2101 181 2138 nec
191 2091 236 2137 tua
246 2081 383 2157 frangetur
392 2089 522 2139 nocturna
532 2081 614 2136 ianua
623 2081 696 2137 rixa:

170 2157 717 2230 sparsanecinveniesliminamanerosa.

133 2235 220 2302 Quem
230 2233 295 2301 cite,
316 2249 360 2288 me
368 2231 512 2289 miserum!
544 2232 668 2289 laxantur
676 2250 789 2306 corpora
799 2232 875 2306 rugis,

170 2319 196 2365 et
208 2310 285 2382 perit,
307 2309 335 2364 in
346 2307 430 2365 nitido
439 2309 488 2381 qui
498 2307 550 2364 [uit
560 2327 615 2375 ore,
630 2308 716 2376 calor,

79 2397 105 2439 75
133 2404 256 2458 quasque
267 2384 350 2440 fuisse
363 2385 411 2438 tibi
423 2401 503 2440 canas
514 2403 529 2440 a
541 2384 646 2460 virgine
655 2385 747 2450 iures,

172 2470 332 2536 spargentur
341 2460 446 2516 subitae
455 2478 503 2532 per
511 2468 592 2532 caput
603 2477 683 2516 omne
693 2466 795 2515 obuiae.

135 2535 278 2609 Anguibus
288 2538 396 2593 exuitur
404 2537 477 2592 tenui
490 2554 553 2592 eum
563 2535 631 2609 pelle
641 2542 779 2605 vetustus3

170 2610 620 2671 necfaciuntoervosaeruuaiaatn
629 2628 718 2666 senes.

65 2749 68 2754 .
121 2691 223 2751 Nostra
235 2692 296 2752 sine
308 2689 629 2771 auxilioiugiuntbsna.
651 2685 876 2754 Qarpiteunxem,
