1868 2962
166 153 283 201 ARTIS
302 153 534 201 AMATORIAE
553 155 625 202 LIB.
645 156 689 204 ΠΙ.
751 150 796 207 274

90 254 265 332 praemioque
274 255 379 328 antiqui
393 272 489 330 magua
499 254 582 311 tulere
591 257 679 314 chori:
695 284 698 288 ·

52 339 200 403 sanctoque
210 330 344 396 maiestas,
366 338 392 385 et
401 338 456 386 eret
465 331 614 387 venerabile
629 350 726 389 nomeu

91 406 215 462 vatibus:
236 415 262 461 et
272 405 360 480 largae
369 423 447 478 saepe
457 406 672 480 dabanturopes.

52 482 161 538 Ennius
171 481 293 546 emeruit,
315 480 434 537 Calabris
445 481 473 536 in
485 483 622 538 montibus
632 490 714 550 ortus,

91 557 235 630 contiguus
248 555 321 627 poni,
343 555 431 628 Scipio
444 574 551 631 magne,
572 557 632 613 tibi.
817 568 856 616 im

53 631 304 690 Nunoederaesiue
314 631 412 687 honore
423 632 521 688 iacent:
542 641 702 707 operamque
711 633 794 690 doctis

91 725 156 763 euro
167 705 232 782 vigil
243 706 328 761 Musis
341 724 437 775 nomeu
448 707 540 762 inertis
550 707 638 763 habet.

53 781 107 840 Sed
118 781 203 838 ismae
214 781 324 857 vigilare
334 781 417 836 iuvat.
438 781 505 848 Quis
516 791 605 839 nosset
614 785 768 848 Homerum,

92 857 155 914 ilios
165 865 301 914 aeteruum
311 857 334 911 si
345 855 465 912 latuisset
473 857 560 929 opus?

54 933 123 1003 Quis
134 934 241 989 Danaen
253 934 350 998 nosset3
363 933 397 988 ·si
408 937 513 1005 semper
521 932 611 989 clausa
622 933 725 994 fuisset.
817 942 855 988 415

92 1009 178 1082 inque
186 1026 235 1064 suo
247 1008 312 1065 turri
323 1008 347 1062 si
360 1007 480 1064 latuisset
489 1008 577 1064 anus‘?

55 1084 135 1142 Utilis
144 1091 185 1141 est
194 1084 280 1149 vohis,
301 1082 439 1148 formosae,
461 1084 549 1149 turbo,
569 1082 681 1156 puellae

93 1158 177 1232 Saepe
185 1175 268 1233 vagos
277 1168 350 1214 extra
361 1158 454 1215 limine
464 1157 528 1214 ferte
537 1158 626 1231 pedes.

54 1235 97 1293 Ad
107 1233 207 1291 multas
217 1233 278 1306 iupa
289 1233 373 1290 tendit
381 1253 459 1300 oves,
480 1234 621 1306 praedetur
631 1241 660 1291 ut
670 1253 766 1290 unam:

92 1309 522 1367 etlovisiumuitesdevolotaies
536 1328 607 1367 aves.
817 1318 855 1364 420

54 1384 770 1459 Sequoquedetpopuiomuiierspeciosuvidendam:
898 1379 902 1385 ’

92 1459 279 1535 ᾳιιθηίιτεὴαῐ,
300 1459 420 1515 emuitis
430 1459 539 1516 forsitan
549 1477 621 1515 unus
631 1460 690 1514 erit.

54 1536 190 1595 Omnibus
201 1535 245 1592 iilo
257 1535 320 1605 iocis
330 1542 435 1590 moneat
445 1535 563 1591 studiosa
572 1534 692 1608 placendi
705 1553 710 1590 :

92 1619 118 1669 et
127 1629 219 1668 euram
230 1620 281 1668 tota
294 1618 380 1666 ments
388 1611 490 1666 decoris
501 1618 570 1684 egat.

54 1688 143 1746 Casus
152 1687 254 1764 ubique
266 1686 349 1742 vaiet:
370 1703 475 1759 semper
485 1687 532 1742 tibi
544 1685 655 1760 pendeat
665 1685 772 1742 bamus.
818 1695 855 1742 425

92 1761 153 1831 Quo
162 1762 274 1818 minime
283 1763 368 1818 orodis
380 1763 500 1838 gurgite,
522 1763 603 1834 piscis
613 1761 671 1819 erit.

54 1840 139 1912 Saepe
147 1855 226 1894 eones
237 1836 333 1903 [rusus
345 1838 491 1894 nemorosis
502 1838 638 1894 montibus
647 1846 748 1894 errant:

92 1915 177 1987 inque
186 1912 278 1988 plagas
288 1911 363 1968 uuiio
373 1929 467 1968 cervus
477 1921 571 1986 egenos
579 1912 658 1967 cadit.

54 1989 127 2060 Quid
140 1989 232 2045 miuus
242 1987 518 2061 Andromede‘poterat
527 2005 631 2061 sperare
643 1989 768 2053 revincta,

93 2082 176 2140 quom
187 2065 309 2120 lacrimas
318 2063 367 2120 ulii
380 2082 457 2137 posse
467 2063 568 2137 plaeere
581 2063 663 2120 suas?
818 2072 855 2119 mo

54 2143 160 2199 Funere
172 2157 249 2213 saepe
259 2140 309 2194 viri
321 2140 362 2194 vir
372 2141 522 2212 quaesitum
549 2142 589 2196 ire
598 2139 692 2196 solutis

92 2216 224 2281 crinibus,
245 2223 271 2270 et
281 2214 357 2270 fletus
369 2233 421 2271 uon
432 2215 550 2272 tenuisse
559 2216 642 2271 decet.

54 2292 106 2350 Sed
116 2292 196 2347 vitate
206 2289 278 2346 viros
288 2289 390 2345 cultum
402 2289 567 2363 formamque
578 2289 723 2362 professos;

92 2367 197 2441 quique
207 2384 270 2422 suas
280 2374 384 2438 ponunt
394 2365 421 2421 iu
432 2367 542 2422 statione
550 2383 649 2421 comas.

53 2443 129 2512 Quae
140 2441 329 2505 vobisdiount,
349 2440 475 2496 dixerunt
487 2440 560 2496 mille
570 2439 676 2512 puellis.
818 2449 855 2495 4351

91 2519 180 2583 Errat,
202 2526 227 2573 et
236 2517 263 2572 in
277 2515 350 2571 uuila
361 2516 422 2572 sede
431 2525 549 2572 moratur
559 2517 649 2571 Amor.

54 2594 179 2674 [Femina
189 2592 255 2666 quid
266 2591 351 2656 saciet,
362 2608 448 2666 quum
461 2592 504 2647 vir
513 2592 549 2647 sit
559 2590 640 2647 leuior
654 2591 732 2665 imm

91 2668 200 2726 forsitan
211 2667 338 2742 sepientes
345 2669 435 2745 possit
443 2667 547 2729 habers
558 2666 674 2748 uirosii
