<?xml version="1.0" encoding="UTF-8"?>
<!DOCTYPE html PUBLIC "-//W3C//DTD XHTML 1.0 Transitional//EN"
    "http://www.w3.org/TR/xhtml1/DTD/xhtml1-transitional.dtd">
<html xmlns="http://www.w3.org/1999/xhtml" xml:lang="en" lang="en">
 <head>
  <title>
</title>
<meta http-equiv="Content-Type" content="text/html;charset=utf-8" />
  <meta name='ocr-system' content='tesseract 3.04.00' />
  <meta name='ocr-capabilities' content='ocr_page ocr_carea ocr_par ocr_line ocrx_word'/>
</head>
<body>
  <div class='ocr_page' id='page_1' title='image "./operaomnia01ovidgoog/operaomnia01ovidgoog_0326.png"; bbox 0 0 1868 2962; ppageno 0'>
   <div class='ocr_carea' id='block_1_1' title="bbox 213 154 801 244">
    <p class='ocr_par' dir='ltr' id='par_1_1' title="bbox 213 154 801 244">
     <span class='ocr_line' id='line_1_1' title="bbox 213 154 801 244; baseline 0.005 -13"><span class='ocrx_word' id='word_1_1' title='bbox 213 154 661 234; x_wconf 63' lang='lat' dir='ltr'><strong>nn&#39;n1vneunueusnn1u.</strong></span> <span class='ocrx_word' id='word_1_2' title='bbox 695 201 698 206; x_wconf 89' lang='lat'><em>-</em></span> <span class='ocrx_word' id='word_1_3' title='bbox 751 179 801 244; x_wconf 78' lang='lat'><strong>329</strong></span> 
     </span>
    </p>
   </div>
   <div class='ocr_carea' id='block_1_2' title="bbox 52 283 886 2695">
    <p class='ocr_par' dir='ltr' id='par_1_2' title="bbox 92 283 657 361">
     <span class='ocr_line' id='line_1_2' title="bbox 92 283 657 361; baseline 0.009 -23"><span class='ocrx_word' id='word_1_4' title='bbox 92 300 141 338; x_wconf 84' lang='lat' dir='ltr'><strong>nee</strong></span> <span class='ocrx_word' id='word_1_5' title='bbox 151 283 277 340; x_wconf 83' lang='lat' dir='ltr'><strong>minores</strong></span> <span class='ocrx_word' id='word_1_6' title='bbox 287 286 378 360; x_wconf 79' lang='lat' dir='ltr'><strong>magni</strong></span> <span class='ocrx_word' id='word_1_7' title='bbox 387 287 501 361; x_wconf 82' lang='lat' dir='ltr'><strong>coniuge</strong></span> <span class='ocrx_word' id='word_1_8' title='bbox 509 287 567 342; x_wconf 84' lang='lat' dir='ltr'><strong>visu</strong></span> <span class='ocrx_word' id='word_1_9' title='bbox 578 288 657 344; x_wconf 84' lang='lat' dir='ltr'><strong>Iovis.</strong></span> 
     </span>
    </p>

    <p class='ocr_par' dir='ltr' id='par_1_3' title="bbox 52 360 856 510">
     <span class='ocr_line' id='line_1_3' title="bbox 52 360 856 429; baseline 0.006 -16"><span class='ocrx_word' id='word_1_10' title='bbox 52 360 95 414; x_wconf 90' lang='lat' dir='ltr'><strong>Tu</strong></span> <span class='ocrx_word' id='word_1_11' title='bbox 105 375 248 415; x_wconf 76' lang='lat' dir='ltr'><strong>concessus</strong></span> <span class='ocrx_word' id='word_1_12' title='bbox 258 378 347 428; x_wconf 84' lang='lat' dir='ltr'><strong>emor,</strong></span> <span class='ocrx_word' id='word_1_13' title='bbox 369 369 398 417; x_wconf 87' lang='lat' dir='ltr'><strong>tu</strong></span> <span class='ocrx_word' id='word_1_14' title='bbox 411 361 485 417; x_wconf 86' lang='lat' dir='ltr'><strong>seius</strong></span> <span class='ocrx_word' id='word_1_15' title='bbox 495 368 521 416; x_wconf 79' lang='lat' dir='ltr'><strong>ei</strong></span> <span class='ocrx_word' id='word_1_16' title='bbox 530 361 643 418; x_wconf 81' lang='lat' dir='ltr'><strong>ultimus</strong></span> <span class='ocrx_word' id='word_1_17' title='bbox 652 361 701 429; x_wconf 80' lang='lat' dir='ltr'><strong>illi.</strong></span> <span class='ocrx_word' id='word_1_18' title='bbox 818 375 856 418; x_wconf 78' lang='lat'><strong>3⁰5</strong></span> 
     </span>
     <span class='ocr_line' id='line_1_4' title="bbox 92 435 588 510; baseline 0.006 -21"><span class='ocrx_word' id='word_1_19' title='bbox 92 443 122 489; x_wconf 81' lang='lat' dir='ltr'><strong>tu</strong></span> <span class='ocrx_word' id='word_1_20' title='bbox 133 436 239 508; x_wconf 85' lang='lat' dir='ltr'><strong>requies</strong></span> <span class='ocrx_word' id='word_1_21' title='bbox 250 435 319 493; x_wconf 83' lang='lat' dir='ltr'><strong>iesse</strong></span> <span class='ocrx_word' id='word_1_22' title='bbox 328 445 402 510; x_wconf 79' lang='lat' dir='ltr'><strong>grute</strong></span> <span class='ocrx_word' id='word_1_23' title='bbox 413 436 510 493; x_wconf 78' lang='lat' dir='ltr'><strong>laboris</strong></span> <span class='ocrx_word' id='word_1_24' title='bbox 520 454 588 492; x_wconf 79' lang='lat' dir='ltr'><strong>erus.</strong></span> 
     </span>
    </p>

    <p class='ocr_par' dir='ltr' id='par_1_4' title="bbox 54 510 761 663">
     <span class='ocr_line' id='line_1_5' title="bbox 54 510 761 584; baseline 0.011 -21"><span class='ocrx_word' id='word_1_25' title='bbox 54 510 92 564; x_wconf 88' lang='lat' dir='ltr'><strong>Te</strong></span> <span class='ocrx_word' id='word_1_26' title='bbox 101 511 218 566; x_wconf 80' lang='lat' dir='ltr'><strong>moriens</strong></span> <span class='ocrx_word' id='word_1_27' title='bbox 227 526 275 584; x_wconf 83' lang='lat' dir='ltr'><strong>per</strong></span> <span class='ocrx_word' id='word_1_28' title='bbox 284 511 364 567; x_wconf 80' lang='lat' dir='ltr'><strong>verba</strong></span> <span class='ocrx_word' id='word_1_29' title='bbox 375 512 520 568; x_wconf 84' lang='lat' dir='ltr'><strong>novissima</strong></span> <span class='ocrx_word' id='word_1_30' title='bbox 531 519 644 584; x_wconf 86' lang='lat' dir='ltr'><strong>questus</strong></span> <span class='ocrx_word' id='word_1_31' title='bbox 656 513 761 571; x_wconf 83' lang='lat' dir='ltr'><strong>abesse:</strong></span> 
     </span>
     <span class='ocr_line' id='line_1_6' title="bbox 92 586 650 663; baseline 0.005 -22"><span class='ocrx_word' id='word_1_32' title='bbox 92 593 118 641; x_wconf 83' lang='lat' dir='ltr'><strong>et</strong></span> <span class='ocrx_word' id='word_1_33' title='bbox 127 593 197 641; x_wconf 75' lang='lat' dir='ltr'><strong>mein</strong></span> <span class='ocrx_word' id='word_1_34' title='bbox 208 586 235 641; x_wconf 91' lang='lat' dir='ltr'><strong>iu</strong></span> <span class='ocrx_word' id='word_1_35' title='bbox 247 603 343 643; x_wconf 88' lang='lat' dir='ltr'><strong>nemen</strong></span> <span class='ocrx_word' id='word_1_36' title='bbox 353 586 448 663; x_wconf 77' lang='lat' dir='ltr'><strong>frigida</strong></span> <span class='ocrx_word' id='word_1_37' title='bbox 461 587 551 662; x_wconf 77' lang='lat' dir='ltr'><strong>lingua</strong></span> <span class='ocrx_word' id='word_1_38' title='bbox 562 596 650 659; x_wconf 28' lang='lat' dir='ltr'><strong>tuum..</strong></span> 
     </span>
    </p>

    <p class='ocr_par' dir='ltr' id='par_1_5' title="bbox 53 660 857 809">
     <span class='ocr_line' id='line_1_7' title="bbox 53 660 681 736; baseline 0.005 -19"><span class='ocrx_word' id='word_1_39' title='bbox 53 660 151 717; x_wconf 78' lang='lat' dir='ltr'><strong>Infelix</strong></span> <span class='ocrx_word' id='word_1_40' title='bbox 163 661 267 733; x_wconf 77' lang='lat' dir='ltr'><strong>recipis,</strong></span> <span class='ocrx_word' id='word_1_41' title='bbox 289 681 342 719; x_wconf 91' lang='lat' dir='ltr'><strong>nou</strong></span> <span class='ocrx_word' id='word_1_42' title='bbox 352 681 433 736; x_wconf 84' lang='lat' dir='ltr'><strong>quem</strong></span> <span class='ocrx_word' id='word_1_43' title='bbox 444 665 601 736; x_wconf 75' lang='lat' dir='ltr'><strong>promiserat</strong></span> <span class='ocrx_word' id='word_1_44' title='bbox 611 663 681 736; x_wconf 85' lang='lat' dir='ltr'><strong>ipse:</strong></span> 
     </span>
     <span class='ocr_line' id='line_1_8' title="bbox 94 737 857 809; baseline 0.005 -18"><span class='ocrx_word' id='word_1_45' title='bbox 94 753 143 792; x_wconf 86' lang='lat' dir='ltr'><strong>nee</strong></span> <span class='ocrx_word' id='word_1_46' title='bbox 151 737 198 809; x_wconf 90' lang='lat' dir='ltr'><strong>qui</strong></span> <span class='ocrx_word' id='word_1_47' title='bbox 209 737 310 793; x_wconf 85' lang='lat' dir='ltr'><strong>missus</strong></span> <span class='ocrx_word' id='word_1_48' title='bbox 319 747 388 794; x_wconf 81' lang='lat' dir='ltr'><strong>eret:</strong></span> <span class='ocrx_word' id='word_1_49' title='bbox 410 756 458 794; x_wconf 88' lang='lat' dir='ltr'><strong>nec</strong></span> <span class='ocrx_word' id='word_1_50' title='bbox 467 752 530 794; x_wconf 85' lang='lat' dir='ltr'><strong>tuus</strong></span> <span class='ocrx_word' id='word_1_51' title='bbox 540 737 585 794; x_wconf 81' lang='lat' dir='ltr'><strong>ilie</strong></span> <span class='ocrx_word' id='word_1_52' title='bbox 595 739 672 795; x_wconf 79' lang='lat' dir='ltr'><strong>redit.</strong></span> <span class='ocrx_word' id='word_1_53' title='bbox 818 752 857 795; x_wconf 85' lang='grc'><strong>300</strong></span> 
     </span>
    </p>

    <p class='ocr_par' dir='ltr' id='par_1_6' title="bbox 54 811 796 963">
     <span class='ocr_line' id='line_1_9' title="bbox 54 811 796 890; baseline 0.001 -23"><span class='ocrx_word' id='word_1_54' title='bbox 54 812 110 867; x_wconf 87' lang='lat' dir='ltr'><strong>Nee</strong></span> <span class='ocrx_word' id='word_1_55' title='bbox 121 811 168 867; x_wconf 83' lang='lat' dir='ltr'><strong>tibi</strong></span> <span class='ocrx_word' id='word_1_56' title='bbox 179 812 279 869; x_wconf 80' lang='lat' dir='ltr'><strong>deletes</strong></span> <span class='ocrx_word' id='word_1_57' title='bbox 288 814 383 886; x_wconf 77' lang='lat' dir='ltr'><strong>poterit</strong></span> <span class='ocrx_word' id='word_1_58' title='bbox 394 830 501 868; x_wconf 80' lang='lat' dir='ltr'><strong>narrare</strong></span> <span class='ocrx_word' id='word_1_59' title='bbox 509 812 683 890; x_wconf 76' lang='lat' dir='ltr'><strong>Sygambrus,</strong></span> <span class='ocrx_word' id='word_1_60' title='bbox 793 826 796 831; x_wconf 59' lang='lat'><em>⁴</em></span> 
     </span>
     <span class='ocr_line' id='line_1_10' title="bbox 93 888 629 963; baseline 0.006 -21"><span class='ocrx_word' id='word_1_61' title='bbox 93 888 205 942; x_wconf 80' lang='lat' dir='ltr'><strong>ensibus</strong></span> <span class='ocrx_word' id='word_1_62' title='bbox 215 897 241 944; x_wconf 80' lang='lat' dir='ltr'><strong>ei</strong></span> <span class='ocrx_word' id='word_1_63' title='bbox 251 888 352 945; x_wconf 87' lang='lat' dir='ltr'><strong>Suevos</strong></span> <span class='ocrx_word' id='word_1_64' title='bbox 361 898 433 963; x_wconf 80' lang='lat' dir='ltr'><strong>terge</strong></span> <span class='ocrx_word' id='word_1_65' title='bbox 443 888 548 945; x_wconf 79' lang='lat' dir='ltr'><strong>dedisse</strong></span> <span class='ocrx_word' id='word_1_66' title='bbox 557 890 629 958; x_wconf 79' lang='lat' dir='ltr'><strong>suis3</strong></span> 
     </span>
    </p>

    <p class='ocr_par' dir='ltr' id='par_1_7' title="bbox 55 961 802 1110">
     <span class='ocr_line' id='line_1_11' title="bbox 55 961 802 1040; baseline 0.003 -22"><span class='ocrx_word' id='word_1_67' title='bbox 55 961 232 1035; x_wconf 82' lang='lat' dir='ltr'><strong>fluminaque.</strong></span> <span class='ocrx_word' id='word_1_68' title='bbox 244 972 269 1019; x_wconf 84' lang='lat' dir='ltr'><strong>et</strong></span> <span class='ocrx_word' id='word_1_69' title='bbox 278 972 393 1030; x_wconf 68' lang='lat' dir='ltr'><strong>mentes,</strong></span> <span class='ocrx_word' id='word_1_70' title='bbox 405 972 431 1018; x_wconf 84' lang='lat' dir='ltr'><strong>et</strong></span> <span class='ocrx_word' id='word_1_71' title='bbox 441 965 549 1020; x_wconf 85' lang='lat' dir='ltr'><strong>nomine</strong></span> <span class='ocrx_word' id='word_1_72' title='bbox 560 982 658 1040; x_wconf 79' lang='lat' dir='ltr'><strong>magna</strong></span> <span class='ocrx_word' id='word_1_73' title='bbox 668 964 802 1020; x_wconf 80' lang='lat' dir='ltr'><strong>iecorum:</strong></span> 
     </span>
     <span class='ocr_line' id='line_1_12' title="bbox 94 1039 586 1110; baseline -0.002 -16"><span class='ocrx_word' id='word_1_74' title='bbox 94 1046 120 1094; x_wconf 82' lang='lat' dir='ltr'><strong>et</strong></span> <span class='ocrx_word' id='word_1_75' title='bbox 132 1040 155 1092; x_wconf 89' lang='lat' dir='ltr'><strong>si</strong></span> <span class='ocrx_word' id='word_1_76' title='bbox 166 1039 233 1110; x_wconf 90' lang='lat' dir='ltr'><strong>quid</strong></span> <span class='ocrx_word' id='word_1_77' title='bbox 244 1040 304 1093; x_wconf 82' lang='lat' dir='ltr'><strong>miri</strong></span> <span class='ocrx_word' id='word_1_78' title='bbox 315 1040 383 1094; x_wconf 80' lang='lat' dir='ltr'><strong>vidit</strong></span> <span class='ocrx_word' id='word_1_79' title='bbox 392 1039 421 1094; x_wconf 88' lang='lat' dir='ltr'><strong>in</strong></span> <span class='ocrx_word' id='word_1_80' title='bbox 429 1040 498 1098; x_wconf 77' lang='lat' dir='ltr'><strong>,nube</strong></span> <span class='ocrx_word' id='word_1_81' title='bbox 508 1057 586 1095; x_wconf 86' lang='lat' dir='ltr'><strong>nevo.</strong></span> 
     </span>
    </p>

    <p class='ocr_par' dir='ltr' id='par_1_8' title="bbox 57 1110 859 1261">
     <span class='ocr_line' id='line_1_13' title="bbox 57 1110 859 1188; baseline 0 -19"><span class='ocrx_word' id='word_1_82' title='bbox 57 1113 183 1188; x_wconf 80' lang='lat' dir='ltr'><strong>Frigidus</strong></span> <span class='ocrx_word' id='word_1_83' title='bbox 193 1113 305 1179; x_wconf 74' lang='lat' dir='ltr'><strong>iiietibi¹</strong></span> <span class='ocrx_word' id='word_1_84' title='bbox 325 1130 480 1186; x_wconf 73' lang='lat' dir='ltr'><strong>cereusque</strong></span> <span class='ocrx_word' id='word_1_85' title='bbox 490 1110 601 1170; x_wconf 76' lang='lat' dir='ltr'><strong>refertur</strong></span> <span class='ocrx_word' id='word_1_86' title='bbox 611 1113 704 1169; x_wconf 78' lang='lat' dir='ltr'><strong>inane:</strong></span> <span class='ocrx_word' id='word_1_87' title='bbox 820 1127 859 1169; x_wconf 77' lang='grc'><strong>303</strong></span> 
     </span>
     <span class='ocr_line' id='line_1_14' title="bbox 94 1188 774 1261; baseline 0.001 -19"><span class='ocrx_word' id='word_1_88' title='bbox 94 1204 233 1261; x_wconf 84' lang='lat' dir='ltr'><strong>quemque</strong></span> <span class='ocrx_word' id='word_1_89' title='bbox 241 1197 344 1260; x_wconf 81' lang='lat' dir='ltr'><strong>premet</strong></span> <span class='ocrx_word' id='word_1_90' title='bbox 356 1188 415 1244; x_wconf 89' lang='lat' dir='ltr'><strong>sine</strong></span> <span class='ocrx_word' id='word_1_91' title='bbox 425 1198 463 1254; x_wconf 78' lang='lat' dir='ltr'><strong>te,</strong></span> <span class='ocrx_word' id='word_1_92' title='bbox 484 1190 680 1244; x_wconf 80' lang='lat' dir='ltr'><strong>sterniturecce</strong></span> <span class='ocrx_word' id='word_1_93' title='bbox 690 1196 774 1246; x_wconf 72' lang='lat' dir='ltr'><strong>tenus.</strong></span> 
     </span>
    </p>

    <p class='ocr_par' dir='ltr' id='par_1_9' title="bbox 58 1262 767 1413">
     <span class='ocr_line' id='line_1_15' title="bbox 58 1262 767 1338; baseline -0.003 -18"><span class='ocrx_word' id='word_1_94' title='bbox 58 1262 117 1331; x_wconf 85' lang='lat' dir='ltr'><strong>Quo</strong></span> <span class='ocrx_word' id='word_1_95' title='bbox 128 1264 239 1336; x_wconf 79' lang='lat' dir='ltr'><strong>reperis,</strong></span> <span class='ocrx_word' id='word_1_96' title='bbox 262 1263 357 1319; x_wconf 81' lang='lat' dir='ltr'><strong>laniatu</strong></span> <span class='ocrx_word' id='word_1_97' title='bbox 368 1280 467 1330; x_wconf 82' lang='lat' dir='ltr'><strong>eomas,</strong></span> <span class='ocrx_word' id='word_1_98' title='bbox 489 1264 641 1338; x_wconf 83' lang='lat' dir='ltr'><strong>similisque</strong></span> <span class='ocrx_word' id='word_1_99' title='bbox 651 1263 767 1320; x_wconf 73' lang='lat' dir='ltr'><strong>furenti?</strong></span> 
     </span>
     <span class='ocr_line' id='line_1_16' title="bbox 95 1337 687 1413; baseline 0 -19"><span class='ocrx_word' id='word_1_100' title='bbox 95 1337 155 1405; x_wconf 87' lang='lat' dir='ltr'><strong>Ouo</strong></span> <span class='ocrx_word' id='word_1_101' title='bbox 165 1337 241 1394; x_wconf 74' lang='lat' dir='ltr'><strong>ruis?</strong></span> <span class='ocrx_word' id='word_1_102' title='bbox 258 1341 366 1395; x_wconf 79' lang='lat' dir='ltr'><strong>attonita</strong></span> <span class='ocrx_word' id='word_1_103' title='bbox 376 1340 443 1413; x_wconf 87' lang='lat' dir='ltr'><strong>quid</strong></span> <span class='ocrx_word' id='word_1_104' title='bbox 453 1340 521 1412; x_wconf 84' lang='lat' dir='ltr'><strong>petis</strong></span> <span class='ocrx_word' id='word_1_105' title='bbox 530 1356 574 1397; x_wconf 77' lang='lat' dir='ltr'><strong>ora</strong></span> <span class='ocrx_word' id='word_1_106' title='bbox 585 1339 687 1395; x_wconf 76' lang='lat' dir='ltr'><strong>manu?</strong></span> 
     </span>
    </p>

    <p class='ocr_par' dir='ltr' id='par_1_10' title="bbox 57 1413 860 1564">
     <span class='ocr_line' id='line_1_17' title="bbox 57 1413 803 1490; baseline 0 -20"><span class='ocrx_word' id='word_1_107' title='bbox 57 1415 113 1470; x_wconf 84' lang='lat' dir='ltr'><strong>Hoc</strong></span> <span class='ocrx_word' id='word_1_108' title='bbox 122 1413 371 1477; x_wconf 77' lang='lat' dir='ltr'><strong>fuitAndromache.</strong></span> <span class='ocrx_word' id='word_1_109' title='bbox 378 1432 464 1489; x_wconf 89' lang='lat' dir='ltr'><strong>quum</strong></span> <span class='ocrx_word' id='word_1_110' title='bbox 475 1417 527 1480; x_wconf 89' lang='lat' dir='ltr'><strong>vir,</strong></span> <span class='ocrx_word' id='word_1_111' title='bbox 538 1415 664 1490; x_wconf 79' lang='lat' dir='ltr'><strong>religatus</strong></span> <span class='ocrx_word' id='word_1_112' title='bbox 674 1416 706 1470; x_wconf 81' lang='lat' dir='ltr'><strong>ad</strong></span> <span class='ocrx_word' id='word_1_113' title='bbox 716 1432 803 1476; x_wconf 79' lang='lat' dir='ltr'><strong>exem.</strong></span> 
     </span>
     <span class='ocr_line' id='line_1_18' title="bbox 96 1489 860 1564; baseline -0.001 -20"><span class='ocrx_word' id='word_1_114' title='bbox 96 1490 190 1544; x_wconf 73' lang='lat' dir='ltr'><strong>terruit</strong></span> <span class='ocrx_word' id='word_1_115' title='bbox 199 1489 331 1545; x_wconf 85' lang='lat' dir='ltr'><strong>admissos</strong></span> <span class='ocrx_word' id='word_1_116' title='bbox 341 1489 564 1564; x_wconf 77' lang='lat' dir='ltr'><strong>sanguinoientus</strong></span> <span class='ocrx_word' id='word_1_117' title='bbox 574 1504 668 1562; x_wconf 86' lang='lat' dir='ltr'><strong>equos.</strong></span> <span class='ocrx_word' id='word_1_118' title='bbox 822 1501 860 1544; x_wconf 81' lang='lat'><strong>32⁰</strong></span> 
     </span>
    </p>

    <p class='ocr_par' dir='ltr' id='par_1_11' title="bbox 58 1562 737 1712">
     <span class='ocr_line' id='line_1_19' title="bbox 58 1562 737 1638; baseline -0.003 -18"><span class='ocrx_word' id='word_1_119' title='bbox 58 1566 113 1622; x_wconf 83' lang='lat' dir='ltr'><strong>Hoc</strong></span> <span class='ocrx_word' id='word_1_120' title='bbox 122 1563 173 1621; x_wconf 80' lang='lat' dir='ltr'><strong>ruit</strong></span> <span class='ocrx_word' id='word_1_121' title='bbox 182 1566 300 1630; x_wconf 75' lang='lat' dir='ltr'><strong>Euadne,</strong></span> <span class='ocrx_word' id='word_1_122' title='bbox 321 1573 386 1620; x_wconf 86' lang='lat' dir='ltr'><strong>tune</strong></span> <span class='ocrx_word' id='word_1_123' title='bbox 396 1582 483 1638; x_wconf 88' lang='lat' dir='ltr'><strong>quum</strong></span> <span class='ocrx_word' id='word_1_124' title='bbox 494 1562 610 1620; x_wconf 81' lang='lat' dir='ltr'><strong>ferienda</strong></span> <span class='ocrx_word' id='word_1_125' title='bbox 619 1565 737 1620; x_wconf 76' lang='lat' dir='ltr'><strong>coruscis</strong></span> 
     </span>
     <span class='ocr_line' id='line_1_20' title="bbox 97 1634 698 1712; baseline 0 -17"><span class='ocrx_word' id='word_1_126' title='bbox 97 1639 257 1695; x_wconf 81' lang='lat' dir='ltr'><strong>fulminibus</strong></span> <span class='ocrx_word' id='word_1_127' title='bbox 267 1641 407 1712; x_wconf 79' lang='lat' dir='ltr'><strong>Capaneus</strong></span> <span class='ocrx_word' id='word_1_128' title='bbox 419 1638 552 1712; x_wconf 80' lang='lat' dir='ltr'><strong>impavide</strong></span> <span class='ocrx_word' id='word_1_129' title='bbox 563 1656 608 1696; x_wconf 82' lang='lat' dir='ltr'><strong>ora</strong></span> <span class='ocrx_word' id='word_1_130' title='bbox 617 1634 698 1695; x_wconf 83' lang='lat' dir='ltr'><strong>dedit.</strong></span> 
     </span>
    </p>

    <p class='ocr_par' dir='ltr' id='par_1_12' title="bbox 59 1714 805 1864">
     <span class='ocr_line' id='line_1_21' title="bbox 59 1714 805 1792; baseline 0.003 -22"><span class='ocrx_word' id='word_1_131' title='bbox 59 1715 130 1782; x_wconf 84' lang='lat' dir='ltr'><strong>Quid</strong></span> <span class='ocrx_word' id='word_1_132' title='bbox 141 1725 251 1771; x_wconf 83' lang='lat' dir='ltr'><strong>mortem</strong></span> <span class='ocrx_word' id='word_1_133' title='bbox 263 1717 310 1771; x_wconf 80' lang='lat' dir='ltr'><strong>tibi</strong></span> <span class='ocrx_word' id='word_1_134' title='bbox 321 1725 420 1772; x_wconf 74' lang='lat' dir='ltr'><strong>moesta</strong></span> <span class='ocrx_word' id='word_1_135' title='bbox 431 1714 527 1792; x_wconf 72' lang='lat' dir='ltr'><strong>rogas?</strong></span> <span class='ocrx_word' id='word_1_136' title='bbox 535 1715 711 1790; x_wconf 78' lang='lat' dir='ltr'><strong>amplexaque</strong></span> <span class='ocrx_word' id='word_1_137' title='bbox 720 1721 805 1781; x_wconf 68' lang='grc'>00000,</span> 
     </span>
     <span class='ocr_line' id='line_1_22' title="bbox 98 1790 618 1864; baseline 0.002 -19"><span class='ocrx_word' id='word_1_138' title='bbox 98 1791 208 1864; x_wconf 79' lang='lat' dir='ltr'><strong>pignere</strong></span> <span class='ocrx_word' id='word_1_139' title='bbox 219 1790 253 1845; x_wconf 88' lang='lat' dir='ltr'><strong>de</strong></span> <span class='ocrx_word' id='word_1_140' title='bbox 263 1793 347 1847; x_wconf 79' lang='lat' dir='ltr'><strong>Druso</strong></span> <span class='ocrx_word' id='word_1_141' title='bbox 358 1792 412 1847; x_wconf 81' lang='lat' dir='ltr'><strong>sole</strong></span> <span class='ocrx_word' id='word_1_142' title='bbox 428 1793 515 1848; x_wconf 81' lang='lat' dir='ltr'><strong>relicte</strong></span> <span class='ocrx_word' id='word_1_143' title='bbox 526 1791 618 1848; x_wconf 74' lang='lat' dir='ltr'><strong>tenes?</strong></span> 
     </span>
    </p>

    <p class='ocr_par' dir='ltr' id='par_1_13' title="bbox 60 1865 860 2015">
     <span class='ocr_line' id='line_1_23' title="bbox 60 1865 860 1941; baseline -0.003 -19"><span class='ocrx_word' id='word_1_144' title='bbox 60 1873 85 1922; x_wconf 82' lang='lat' dir='ltr'><strong>et</strong></span> <span class='ocrx_word' id='word_1_145' title='bbox 93 1866 172 1922; x_wconf 87' lang='lat' dir='ltr'><strong>mode</strong></span> <span class='ocrx_word' id='word_1_146' title='bbox 183 1884 229 1937; x_wconf 88' lang='lat' dir='ltr'><strong>per</strong></span> <span class='ocrx_word' id='word_1_147' title='bbox 238 1884 346 1922; x_wconf 88' lang='lat' dir='ltr'><strong>somnes</strong></span> <span class='ocrx_word' id='word_1_148' title='bbox 357 1868 464 1941; x_wconf 80' lang='lat' dir='ltr'><strong>agiteris</strong></span> <span class='ocrx_word' id='word_1_149' title='bbox 475 1868 592 1941; x_wconf 83' lang='lat' dir='ltr'><strong>imagine</strong></span> <span class='ocrx_word' id='word_1_150' title='bbox 602 1865 678 1932; x_wconf 82' lang='lat' dir='ltr'><strong>falsa,</strong></span> <span class='ocrx_word' id='word_1_151' title='bbox 820 1878 860 1921; x_wconf 78' lang='grc'><strong>305</strong></span> 
     </span>
     <span class='ocr_line' id='line_1_24' title="bbox 98 1939 653 2015; baseline -0.002 -19"><span class='ocrx_word' id='word_1_152' title='bbox 98 1949 177 2015; x_wconf 73' lang='lat' dir='ltr'><strong>teque</strong></span> <span class='ocrx_word' id='word_1_153' title='bbox 188 1950 233 1996; x_wconf 82' lang='lat' dir='ltr'><strong>tuo</strong></span> <span class='ocrx_word' id='word_1_154' title='bbox 244 1943 359 1997; x_wconf 83' lang='lat' dir='ltr'><strong>Drusum</strong></span> <span class='ocrx_word' id='word_1_155' title='bbox 370 1941 456 1997; x_wconf 79' lang='lat' dir='ltr'><strong>eredis</strong></span> <span class='ocrx_word' id='word_1_156' title='bbox 466 1942 562 1997; x_wconf 83' lang='lat' dir='ltr'><strong>hebere</strong></span> <span class='ocrx_word' id='word_1_157' title='bbox 572 1939 653 1996; x_wconf 81' lang='lat' dir='ltr'><strong>sinu‘?</strong></span> 
     </span>
    </p>

    <p class='ocr_par' dir='ltr' id='par_1_14' title="bbox 61 2017 766 2167">
     <span class='ocr_line' id='line_1_25' title="bbox 61 2017 766 2091; baseline -0.001 -19"><span class='ocrx_word' id='word_1_158' title='bbox 61 2026 86 2073; x_wconf 85' lang='lat' dir='ltr'><strong>et</strong></span> <span class='ocrx_word' id='word_1_159' title='bbox 95 2017 185 2073; x_wconf 75' lang='lat' dir='ltr'><strong>subite</strong></span> <span class='ocrx_word' id='word_1_160' title='bbox 196 2026 333 2091; x_wconf 73' lang='lat' dir='ltr'><strong>tentusque</strong></span> <span class='ocrx_word' id='word_1_161' title='bbox 344 2036 436 2075; x_wconf 84' lang='lat' dir='ltr'><strong>manu.</strong></span> <span class='ocrx_word' id='word_1_162' title='bbox 459 2034 604 2090; x_wconf 83' lang='lat' dir='ltr'><strong>sperasque</strong></span> <span class='ocrx_word' id='word_1_163' title='bbox 616 2027 766 2088; x_wconf 63' lang='lat' dir='ltr'><strong>receptum</strong></span> 
     </span>
     <span class='ocr_line' id='line_1_26' title="bbox 98 2089 625 2167; baseline -0.006 -18"><span class='ocrx_word' id='word_1_164' title='bbox 98 2111 206 2167; x_wconf 84' lang='lat' dir='ltr'><strong>queens</strong></span> <span class='ocrx_word' id='word_1_165' title='bbox 215 2103 241 2148; x_wconf 86' lang='lat' dir='ltr'><strong>et</strong></span> <span class='ocrx_word' id='word_1_166' title='bbox 251 2095 277 2149; x_wconf 91' lang='lat' dir='ltr'><strong>in</strong></span> <span class='ocrx_word' id='word_1_167' title='bbox 288 2095 364 2149; x_wconf 83' lang='lat' dir='ltr'><strong>vacui</strong></span> <span class='ocrx_word' id='word_1_168' title='bbox 376 2093 545 2166; x_wconf 66' lang='lat' dir='ltr'><strong>persepe-iore</strong></span> <span class='ocrx_word' id='word_1_169' title='bbox 556 2089 625 2148; x_wconf 81' lang='lat' dir='ltr'><strong>tnu&#39;?</strong></span> 
     </span>
    </p>

    <p class='ocr_par' dir='ltr' id='par_1_15' title="bbox 61 2167 863 2315">
     <span class='ocr_line' id='line_1_27' title="bbox 61 2167 751 2242; baseline -0.006 -16"><span class='ocrx_word' id='word_1_170' title='bbox 61 2169 108 2226; x_wconf 84' lang='lat' dir='ltr'><strong>ille</strong></span> <span class='ocrx_word' id='word_1_171' title='bbox 118 2172 172 2242; x_wconf 82' lang='lat' dir='ltr'><strong>pio,</strong></span> <span class='ocrx_word' id='word_1_172' title='bbox 194 2171 216 2222; x_wconf 86' lang='lat' dir='ltr'><strong>si</strong></span> <span class='ocrx_word' id='word_1_173' title='bbox 229 2187 281 2224; x_wconf 90' lang='lat' dir='ltr'><strong>uon</strong></span> <span class='ocrx_word' id='word_1_174' title='bbox 292 2179 389 2224; x_wconf 85' lang='lat' dir='ltr'><strong>temere</strong></span> <span class='ocrx_word' id='word_1_175' title='bbox 400 2169 463 2223; x_wconf 82' lang='lat' dir='ltr'><strong>haee</strong></span> <span class='ocrx_word' id='word_1_176' title='bbox 471 2167 627 2233; x_wconf 79' lang='lat' dir='ltr'><strong>ereduntur,</strong></span> <span class='ocrx_word' id='word_1_177' title='bbox 647 2168 677 2222; x_wconf 89' lang='lat' dir='ltr'><strong>in</strong></span> <span class='ocrx_word' id='word_1_178' title='bbox 688 2182 751 2222; x_wconf 82' lang='lat' dir='ltr'><strong>ervo</strong></span> 
     </span>
     <span class='ocr_line' id='line_1_28' title="bbox 99 2244 863 2315; baseline -0.007 -16"><span class='ocrx_word' id='word_1_179' title='bbox 99 2255 168 2301; x_wconf 75' lang='lat' dir='ltr'><strong>iuter</strong></span> <span class='ocrx_word' id='word_1_180' title='bbox 179 2249 318 2300; x_wconf 78' lang='lat' dir='ltr'><strong>honoratus</strong></span> <span class='ocrx_word' id='word_1_181' title='bbox 331 2244 478 2315; x_wconf 82' lang='lat' dir='ltr'><strong>excipietur</strong></span> <span class='ocrx_word' id='word_1_182' title='bbox 489 2260 568 2299; x_wconf 78' lang='lat' dir='ltr'><strong>avos.</strong></span> <span class='ocrx_word' id='word_1_183' title='bbox 824 2253 863 2294; x_wconf 86' lang='grc'><strong>330</strong></span> 
     </span>
    </p>

    <p class='ocr_par' dir='ltr' id='par_1_16' title="bbox 61 2315 753 2472">
     <span class='ocr_line' id='line_1_29' title="bbox 61 2315 753 2395; baseline -0.01 -18"><span class='ocrx_word' id='word_1_184' title='bbox 61 2336 214 2395; x_wconf 74' lang='lat' dir='ltr'><strong>magnaque</strong></span> <span class='ocrx_word' id='word_1_185' title='bbox 224 2331 351 2375; x_wconf 69' lang='lat' dir='ltr'><strong>maternis</strong></span> <span class='ocrx_word' id='word_1_186' title='bbox 360 2319 517 2379; x_wconf 80' lang='lat' dir='ltr'><strong>maioribus.</strong></span> <span class='ocrx_word' id='word_1_187' title='bbox 537 2334 622 2391; x_wconf 80' lang='lat' dir='ltr'><strong>aeque</strong></span> <span class='ocrx_word' id='word_1_188' title='bbox 635 2315 753 2390; x_wconf 81' lang='lat' dir='ltr'><strong>paternis</strong></span> 
     </span>
     <span class='ocr_line' id='line_1_30' title="bbox 99 2391 651 2472; baseline -0.011 -20"><span class='ocrx_word' id='word_1_189' title='bbox 99 2396 194 2472; x_wconf 77' lang='lat' dir='ltr'><strong>gioria,</strong></span> <span class='ocrx_word' id='word_1_190' title='bbox 216 2393 384 2470; x_wconf 77' lang='lat' dir='ltr'><strong>quadriiugis</strong></span> <span class='ocrx_word' id='word_1_191' title='bbox 394 2408 491 2449; x_wconf 76' lang='lat' dir='ltr'><strong>eureus</strong></span> <span class='ocrx_word' id='word_1_192' title='bbox 502 2394 551 2449; x_wconf 84' lang='lat' dir='ltr'><strong>ibit</strong></span> <span class='ocrx_word' id='word_1_193' title='bbox 559 2391 651 2465; x_wconf 84' lang='lat' dir='ltr'><strong>equis:</strong></span> 
     </span>
    </p>

    <p class='ocr_par' dir='ltr' id='par_1_17' title="bbox 63 2466 738 2618">
     <span class='ocr_line' id='line_1_31' title="bbox 63 2466 738 2551; baseline -0.01 -23"><span class='ocrx_word' id='word_1_194' title='bbox 63 2472 201 2551; x_wconf 77' lang='lat' dir='ltr'><strong>regalique</strong></span> <span class='ocrx_word' id='word_1_195' title='bbox 212 2470 315 2534; x_wconf 74' lang='lat' dir='ltr'><strong>habitu,</strong></span> <span class='ocrx_word' id='word_1_196' title='bbox 336 2486 473 2542; x_wconf 83' lang='lat' dir='ltr'><strong>curruque</strong></span> <span class='ocrx_word' id='word_1_197' title='bbox 482 2469 616 2542; x_wconf 80' lang='lat' dir='ltr'><strong>superbus</strong></span> <span class='ocrx_word' id='word_1_198' title='bbox 626 2466 738 2533; x_wconf 77' lang='lat' dir='ltr'><strong>eburno,</strong></span> 
     </span>
     <span class='ocr_line' id='line_1_32' title="bbox 102 2543 676 2618; baseline -0.009 -15"><span class='ocrx_word' id='word_1_199' title='bbox 102 2547 196 2603; x_wconf 80' lang='lat' dir='ltr'><strong>fronde</strong></span> <span class='ocrx_word' id='word_1_200' title='bbox 205 2547 360 2617; x_wconf 73' lang='lat' dir='ltr'><strong>triumphali</strong></span> <span class='ocrx_word' id='word_1_201' title='bbox 373 2555 489 2618; x_wconf 80' lang='lat' dir='ltr'><strong>tempore</strong></span> <span class='ocrx_word' id='word_1_202' title='bbox 500 2544 607 2598; x_wconf 86' lang='lat' dir='ltr'><strong>vinctus</strong></span> <span class='ocrx_word' id='word_1_203' title='bbox 617 2543 676 2598; x_wconf 85' lang='lat' dir='ltr'><strong>erit.</strong></span> 
     </span>
    </p>

    <p class='ocr_par' dir='ltr' id='par_1_18' title="bbox 64 2616 886 2695">
     <span class='ocr_line' id='line_1_33' title="bbox 64 2616 886 2695; baseline -0.013 -16"><span class='ocrx_word' id='word_1_204' title='bbox 64 2623 203 2695; x_wconf 78' lang='lat' dir='ltr'><strong>Ancipient</strong></span> <span class='ocrx_word' id='word_1_205' title='bbox 212 2622 336 2679; x_wconf 86' lang='lat' dir='ltr'><strong>iuvenem</strong></span> <span class='ocrx_word' id='word_1_206' title='bbox 348 2622 506 2684; x_wconf 78' lang='lat' dir='ltr'><strong>Germanice</strong></span> <span class='ocrx_word' id='word_1_207' title='bbox 514 2620 596 2695; x_wconf 68' lang='lat' dir='ltr'><strong>signu</strong></span> <span class='ocrx_word' id='word_1_208' title='bbox 607 2616 745 2674; x_wconf 65' lang='lat' dir='ltr'><strong>ienenieun</strong></span> <span class='ocrx_word' id='word_1_209' title='bbox 834 2624 886 2662; x_wconf 51' lang='grc' dir='ltr'><strong>3οἉ</strong></span> 
     </span>
    </p>
   </div>
   <div class='ocr_carea' id='block_1_3' title="bbox 89 2692 724 2785">
    <p class='ocr_par' dir='ltr' id='par_1_19' title="bbox 89 2692 724 2785">
     <span class='ocr_line' id='line_1_34' title="bbox 89 2692 724 2785; baseline -0.022 -22"><span class='ocrx_word' id='word_1_210' title='bbox 89 2697 218 2763; x_wconf 68' lang='grc'><strong>,00030103</strong></span> <span class='ocrx_word' id='word_1_211' title='bbox 226 2698 353 2768; x_wconf 75' lang='lat' dir='ltr'><strong>imperio,</strong></span> <span class='ocrx_word' id='word_1_212' title='bbox 364 2699 613 2785; x_wconf 56' lang='lat' dir='ltr'><strong>conspicuumque</strong></span> <span class='ocrx_word' id='word_1_213' title='bbox 621 2692 724 2753; x_wconf 61' lang='lat' dir='ltr'><strong>nesus·</strong></span> 
     </span>
    </p>
   </div>
   <div class='ocr_carea' id='block_1_4' title="bbox 0 0 953 2962">
    <p class='ocr_par' dir='ltr' id='par_1_20' title="bbox 0 0 953 2962">
     <span class='ocr_line' id='line_1_35' title="bbox 0 0 953 2962; baseline 0 0"><span class='ocrx_word' id='word_1_214' title='bbox 0 0 953 2962; x_wconf 95' lang='lat' dir='ltr'><strong> </strong></span> 
     </span>
    </p>
   </div>
  </div>
 </body>
</html>
