<?xml version="1.0" encoding="UTF-8"?>
<!DOCTYPE html PUBLIC "-//W3C//DTD XHTML 1.0 Transitional//EN"
    "http://www.w3.org/TR/xhtml1/DTD/xhtml1-transitional.dtd">
<html xmlns="http://www.w3.org/1999/xhtml" xml:lang="en" lang="en">
 <head>
  <title>
</title>
<meta http-equiv="Content-Type" content="text/html;charset=utf-8" />
  <meta name='ocr-system' content='tesseract 3.04.00' />
  <meta name='ocr-capabilities' content='ocr_page ocr_carea ocr_par ocr_line ocrx_word'/>
</head>
<body>
  <div class='ocr_page' id='page_1' title='image "./operaomnia01ovidgoog/operaomnia01ovidgoog_0166.png"; bbox 0 0 1868 2962; ppageno 0'>
   <div class='ocr_carea' id='block_1_1' title="bbox 203 161 787 238">
    <p class='ocr_par' dir='ltr' id='par_1_1' title="bbox 203 161 787 238">
     <span class='ocr_line' id='line_1_1' title="bbox 203 161 787 238; baseline 0.002 -25"><span class='ocrx_word' id='word_1_1' title='bbox 203 165 367 219; x_wconf 70' lang='lat' dir='ltr'>nunnus</span> <span class='ocrx_word' id='word_1_2' title='bbox 383 166 453 212; x_wconf 73' lang='grc' dir='ltr'>ΜΒ.</span> <span class='ocrx_word' id='word_1_3' title='bbox 472 167 506 212; x_wconf 90' lang='lat'>11.</span> <span class='ocrx_word' id='word_1_4' title='bbox 524 168 579 213; x_wconf 78' lang='lat' dir='ltr'>nn.</span> <span class='ocrx_word' id='word_1_5' title='bbox 596 167 620 213; x_wconf 74' lang='lat' dir='ltr'>a,</span> <span class='ocrx_word' id='word_1_6' title='bbox 734 161 787 238; x_wconf 59' lang='grc' dir='ltr'>465ι</span> 
     </span>
    </p>
   </div>
   <div class='ocr_carea' id='block_1_2' title="bbox 37 265 744 430">
    <p class='ocr_par' dir='ltr' id='par_1_2' title="bbox 37 265 744 430">
     <span class='ocr_line' id='line_1_2' title="bbox 71 265 732 339; baseline -0.002 -16"><span class='ocrx_word' id='word_1_7' title='bbox 71 268 96 323; x_wconf 89' lang='lat' dir='ltr'>si</span> <span class='ocrx_word' id='word_1_8' title='bbox 106 265 202 338; x_wconf 88' lang='lat' dir='ltr'>cnlp0,</span> <span class='ocrx_word' id='word_1_9' title='bbox 224 266 326 322; x_wconf 82' lang='lat' dir='ltr'>crimen</span> <span class='ocrx_word' id='word_1_10' title='bbox 335 266 506 323; x_wconf 85' lang='lat' dir='ltr'>dissimulare</span> <span class='ocrx_word' id='word_1_11' title='bbox 514 275 602 339; x_wconf 85' lang='lat' dir='ltr'>putas.</span> <span class='ocrx_word' id='word_1_12' title='bbox 729 324 732 330; x_wconf 74' lang='grc'><strong><em>,</em></strong></span> 
     </span>
     <span class='ocr_line' id='line_1_3' title="bbox 37 341 744 430; baseline 0 -31"><span class='ocrx_word' id='word_1_13' title='bbox 37 342 97 400; x_wconf 72' lang='lat' dir='ltr'>Siva</span> <span class='ocrx_word' id='word_1_14' title='bbox 105 341 179 399; x_wconf 87' lang='lat' dir='ltr'>color</span> <span class='ocrx_word' id='word_1_15' title='bbox 189 341 277 398; x_wconf 90' lang='lat' dir='ltr'>bonus</span> <span class='ocrx_word' id='word_1_16' title='bbox 287 350 340 407; x_wconf 85' lang='lat' dir='ltr'>est,</span> <span class='ocrx_word' id='word_1_17' title='bbox 361 343 388 398; x_wconf 92' lang='lat' dir='ltr'>in</span> <span class='ocrx_word' id='word_1_18' title='bbox 401 341 744 430; x_wconf 61' lang='lat' dir='ltr'>tequcquairigipuscssc,</span> 
     </span>
    </p>
   </div>
   <div class='ocr_carea' id='block_1_3' title="bbox 37 415 839 1835">
    <p class='ocr_par' dir='ltr' id='par_1_3' title="bbox 37 415 839 1835">
     <span class='ocr_line' id='line_1_4' title="bbox 69 415 820 484; baseline 0 -10"><span class='ocrx_word' id='word_1_19' title='bbox 69 436 120 474; x_wconf 87' lang='lat' dir='ltr'>scu</span> <span class='ocrx_word' id='word_1_20' title='bbox 134 416 239 484; x_wconf 82' lang='lat' dir='ltr'>malus,</span> <span class='ocrx_word' id='word_1_21' title='bbox 259 415 369 474; x_wconf 76' lang='lat' dir='ltr'>alterius</span> <span class='ocrx_word' id='word_1_22' title='bbox 380 417 455 475; x_wconf 85' lang='lat' dir='ltr'>dicor</span> <span class='ocrx_word' id='word_1_23' title='bbox 463 435 552 473; x_wconf 85' lang='lat' dir='ltr'>amore</span> <span class='ocrx_word' id='word_1_24' title='bbox 561 435 636 473; x_wconf 79' lang='lat' dir='ltr'>mori.</span> <span class='ocrx_word' id='word_1_25' title='bbox 813 433 820 474; x_wconf 80' lang='lat'>1</span> 
     </span>
     <span class='ocr_line' id='line_1_5' title="bbox 37 492 683 568; baseline -0.003 -17"><span class='ocrx_word' id='word_1_26' title='bbox 37 492 395 568; x_wconf 73' lang='lat' dir='ltr'>atquaagcpsccativellem</span> <span class='ocrx_word' id='word_1_27' title='bbox 406 493 475 549; x_wconf 85' lang='lat' dir='ltr'>mihi</span> <span class='ocrx_word' id='word_1_28' title='bbox 483 492 607 549; x_wconf 85' lang='lat' dir='ltr'>conscius</span> <span class='ocrx_word' id='word_1_29' title='bbox 616 509 683 549; x_wconf 83' lang='lat' dir='ltr'>casa.</span> 
     </span>
     <span class='ocr_line' id='line_1_6' title="bbox 69 567 734 642; baseline -0.003 -16"><span class='ocrx_word' id='word_1_30' title='bbox 69 567 403 642; x_wconf 75' lang='lat' dir='ltr'>Aequoanimcpccnam,</span> <span class='ocrx_word' id='word_1_31' title='bbox 423 567 616 642; x_wconf 83' lang='lat' dir='ltr'>quimerucra,</span> <span class='ocrx_word' id='word_1_32' title='bbox 637 567 734 624; x_wconf 83' lang='lat' dir='ltr'>ierunt.</span> 
     </span>
     <span class='ocr_line' id='line_1_7' title="bbox 37 642 779 717; baseline -0.004 -15"><span class='ocrx_word' id='word_1_33' title='bbox 37 642 378 702; x_wconf 83' lang='lat' dir='ltr'>Nunctcmcrcinsimulas:</span> <span class='ocrx_word' id='word_1_34' title='bbox 389 643 668 717; x_wconf 78' lang='lat' dir='ltr'>credendoquccmnia</span> <span class='ocrx_word' id='word_1_35' title='bbox 675 644 779 711; x_wconf 79' lang='lat' dir='ltr'>frustra,</span> 
     </span>
     <span class='ocr_line' id='line_1_8' title="bbox 69 718 614 794; baseline -0.004 -18"><span class='ocrx_word' id='word_1_36' title='bbox 69 720 133 794; x_wconf 79' lang='lat' dir='ltr'>ipsa</span> <span class='ocrx_word' id='word_1_37' title='bbox 144 726 218 777; x_wconf 84' lang='lat' dir='ltr'>vetas</span> <span class='ocrx_word' id='word_1_38' title='bbox 227 718 294 774; x_wconf 88' lang='lat' dir='ltr'>iram</span> <span class='ocrx_word' id='word_1_39' title='bbox 303 718 410 791; x_wconf 87' lang='lat' dir='ltr'>pondus</span> <span class='ocrx_word' id='word_1_40' title='bbox 422 719 520 777; x_wconf 81' lang='lat' dir='ltr'>habere</span> <span class='ocrx_word' id='word_1_41' title='bbox 530 727 614 775; x_wconf 87' lang='lat' dir='ltr'>tuam.</span> 
     </span>
     <span class='ocr_line' id='line_1_9' title="bbox 37 793 838 868; baseline -0.002 -16"><span class='ocrx_word' id='word_1_42' title='bbox 37 795 166 868; x_wconf 75' lang='lat' dir='ltr'>adspice,</span> <span class='ocrx_word' id='word_1_43' title='bbox 187 793 700 852; x_wconf 77' lang='lat' dir='ltr'>utauritusmiscrandaasortisassHus</span> <span class='ocrx_word' id='word_1_44' title='bbox 813 810 838 850; x_wconf 77' lang='lat'>15</span> 
     </span>
     <span class='ocr_line' id='line_1_10' title="bbox 71 868 594 927; baseline -0.004 0"><span class='ocrx_word' id='word_1_45' title='bbox 71 868 185 927; x_wconf 86' lang='lat' dir='ltr'>assiduo</span> <span class='ocrx_word' id='word_1_46' title='bbox 194 869 312 927; x_wconf 86' lang='lat' dir='ltr'>domitus</span> <span class='ocrx_word' id='word_1_47' title='bbox 322 869 430 927; x_wconf 79' lang='lat' dir='ltr'>verbera</span> <span class='ocrx_word' id='word_1_48' title='bbox 438 870 530 926; x_wconf 74' lang='lat' dir='ltr'>taulus</span> <span class='ocrx_word' id='word_1_49' title='bbox 543 876 594 927; x_wconf 81' lang='lat' dir='ltr'>eat.</span> 
     </span>
     <span class='ocr_line' id='line_1_11' title="bbox 37 943 674 1020; baseline -0.003 -18"><span class='ocrx_word' id='word_1_50' title='bbox 37 948 117 1013; x_wconf 79' lang='lat' dir='ltr'>Ecca,</span> <span class='ocrx_word' id='word_1_51' title='bbox 140 952 219 1002; x_wconf 82' lang='lat' dir='ltr'>uum</span> <span class='ocrx_word' id='word_1_52' title='bbox 228 946 330 1001; x_wconf 88' lang='lat' dir='ltr'>crincm</span> <span class='ocrx_word' id='word_1_53' title='bbox 339 943 433 1003; x_wconf 84' lang='lat' dir='ltr'>sollcrs</span> <span class='ocrx_word' id='word_1_54' title='bbox 442 963 537 1002; x_wconf 85' lang='lat' dir='ltr'>ornare</span> <span class='ocrx_word' id='word_1_55' title='bbox 546 945 674 1020; x_wconf 80' lang='lat' dir='ltr'>Cypassis</span> 
     </span>
     <span class='ocr_line' id='line_1_12' title="bbox 71 1019 641 1078; baseline -0.004 -1"><span class='ocrx_word' id='word_1_56' title='bbox 71 1021 201 1078; x_wconf 78' lang='lat' dir='ltr'>obiicitur</span> <span class='ocrx_word' id='word_1_57' title='bbox 209 1019 333 1077; x_wconf 81' lang='lat' dir='ltr'>dominae</span> <span class='ocrx_word' id='word_1_58' title='bbox 341 1028 534 1077; x_wconf 74' lang='lat' dir='ltr'>contemerasse</span> <span class='ocrx_word' id='word_1_59' title='bbox 542 1028 641 1076; x_wconf 85' lang='lat' dir='ltr'>torum.</span> 
     </span>
     <span class='ocr_line' id='line_1_13' title="bbox 37 1095 683 1169; baseline -0.002 -17"><span class='ocrx_word' id='word_1_60' title='bbox 37 1095 191 1164; x_wconf 81' lang='lat' dir='ltr'>Dimclins,</span> <span class='ocrx_word' id='word_1_61' title='bbox 210 1113 293 1169; x_wconf 86' lang='lat' dir='ltr'>quam</span> <span class='ocrx_word' id='word_1_62' title='bbox 302 1114 360 1165; x_wconf 86' lang='lat' dir='ltr'>mc,</span> <span class='ocrx_word' id='word_1_63' title='bbox 379 1096 404 1151; x_wconf 88' lang='lat' dir='ltr'>si</span> <span class='ocrx_word' id='word_1_64' title='bbox 413 1096 450 1152; x_wconf 80' lang='lat' dir='ltr'>sit</span> <span class='ocrx_word' id='word_1_65' title='bbox 461 1113 583 1169; x_wconf 82' lang='lat' dir='ltr'>peccasse</span> <span class='ocrx_word' id='word_1_66' title='bbox 592 1095 683 1162; x_wconf 89' lang='lat' dir='ltr'>libido,</span> 
     </span>
     <span class='ocr_line' id='line_1_14' title="bbox 71 1171 838 1229; baseline -0.003 0"><span class='ocrx_word' id='word_1_67' title='bbox 71 1171 182 1229; x_wconf 79' lang='lat' dir='ltr'>sordida</span> <span class='ocrx_word' id='word_1_68' title='bbox 190 1171 615 1228; x_wconf 78' lang='lat' dir='ltr'>ccntcmtaasortiaamicaiuvctl</span> <span class='ocrx_word' id='word_1_69' title='bbox 813 1185 838 1227; x_wconf 80' lang='lat'>20</span> 
     </span>
     <span class='ocr_line' id='line_1_15' title="bbox 37 1245 654 1316; baseline -0.005 -12"><span class='ocrx_word' id='word_1_70' title='bbox 37 1247 224 1316; x_wconf 74' lang='lat' dir='ltr'>Quichncris</span> <span class='ocrx_word' id='word_1_71' title='bbox 233 1246 349 1305; x_wconf 80' lang='lat' dir='ltr'>famulae</span> <span class='ocrx_word' id='word_1_72' title='bbox 357 1247 492 1304; x_wconf 82' lang='lat' dir='ltr'>connubia</span> <span class='ocrx_word' id='word_1_73' title='bbox 501 1245 569 1303; x_wconf 79' lang='lat' dir='ltr'>liber</span> <span class='ocrx_word' id='word_1_74' title='bbox 577 1247 654 1314; x_wconf 83' lang='lat' dir='ltr'>inira,</span> 
     </span>
     <span class='ocr_line' id='line_1_16' title="bbox 71 1321 639 1398; baseline -0.002 -20"><span class='ocrx_word' id='word_1_75' title='bbox 71 1331 203 1398; x_wconf 77' lang='lat' dir='ltr'>tergaque</span> <span class='ocrx_word' id='word_1_76' title='bbox 210 1322 347 1395; x_wconf 76' lang='lat' dir='ltr'>complecti</span> <span class='ocrx_word' id='word_1_77' title='bbox 357 1322 466 1380; x_wconf 77' lang='lat' dir='ltr'>verbera</span> <span class='ocrx_word' id='word_1_78' title='bbox 475 1330 545 1379; x_wconf 81' lang='lat' dir='ltr'>sacta</span> <span class='ocrx_word' id='word_1_79' title='bbox 556 1321 639 1378; x_wconf 80' lang='lat' dir='ltr'>velit?</span> 
     </span>
     <span class='ocr_line' id='line_1_17' title="bbox 40 1396 702 1471; baseline -0.003 -17"><span class='ocrx_word' id='word_1_80' title='bbox 40 1397 126 1464; x_wconf 67' lang='lat' dir='ltr'>addc,</span> <span class='ocrx_word' id='word_1_81' title='bbox 147 1397 220 1471; x_wconf 89' lang='lat' dir='ltr'>quod</span> <span class='ocrx_word' id='word_1_82' title='bbox 229 1397 356 1454; x_wconf 83' lang='lat' dir='ltr'>ornandis</span> <span class='ocrx_word' id='word_1_83' title='bbox 365 1415 475 1471; x_wconf 77' lang='lat' dir='ltr'>operosa</span> <span class='ocrx_word' id='word_1_84' title='bbox 485 1404 525 1454; x_wconf 86' lang='lat' dir='ltr'>est</span> <span class='ocrx_word' id='word_1_85' title='bbox 534 1396 580 1453; x_wconf 85' lang='lat' dir='ltr'>iila</span> <span class='ocrx_word' id='word_1_86' title='bbox 589 1399 702 1471; x_wconf 80' lang='lat' dir='ltr'>capillis,</span> 
     </span>
     <span class='ocr_line' id='line_1_18' title="bbox 72 1473 646 1548; baseline 0.002 -20"><span class='ocrx_word' id='word_1_87' title='bbox 72 1482 100 1528; x_wconf 75' lang='lat' dir='ltr'>ct</span> <span class='ocrx_word' id='word_1_88' title='bbox 108 1474 158 1529; x_wconf 88' lang='lat' dir='ltr'>tibi</span> <span class='ocrx_word' id='word_1_89' title='bbox 166 1491 214 1546; x_wconf 86' lang='lat' dir='ltr'>par</span> <span class='ocrx_word' id='word_1_90' title='bbox 223 1473 312 1529; x_wconf 79' lang='lat' dir='ltr'>doctas</span> <span class='ocrx_word' id='word_1_91' title='bbox 320 1481 395 1548; x_wconf 78' lang='lat' dir='ltr'>grata</span> <span class='ocrx_word' id='word_1_92' title='bbox 406 1473 528 1531; x_wconf 79' lang='lat' dir='ltr'>ministm</span> <span class='ocrx_word' id='word_1_93' title='bbox 538 1491 646 1529; x_wconf 77' lang='lat' dir='ltr'>manus.</span> 
     </span>
     <span class='ocr_line' id='line_1_19' title="bbox 49 1547 839 1622; baseline -0.003 -17"><span class='ocrx_word' id='word_1_94' title='bbox 49 1548 144 1605; x_wconf 83' lang='lat' dir='ltr'>&#39;cilicat</span> <span class='ocrx_word' id='word_1_95' title='bbox 152 1547 286 1614; x_wconf 87' lang='lat' dir='ltr'>ancillam,</span> <span class='ocrx_word' id='word_1_96' title='bbox 307 1566 377 1622; x_wconf 87' lang='lat' dir='ltr'>quac</span> <span class='ocrx_word' id='word_1_97' title='bbox 389 1548 429 1604; x_wconf 89' lang='lat' dir='ltr'>sic</span> <span class='ocrx_word' id='word_1_98' title='bbox 438 1548 488 1603; x_wconf 77' lang='lat' dir='ltr'>tibi</span> <span class='ocrx_word' id='word_1_99' title='bbox 497 1547 565 1614; x_wconf 84' lang='lat' dir='ltr'>fida,</span> <span class='ocrx_word' id='word_1_100' title='bbox 587 1547 727 1621; x_wconf 77' lang='lat' dir='ltr'><strong>rogarem?</strong></span> <span class='ocrx_word' id='word_1_101' title='bbox 814 1560 839 1603; x_wconf 76' lang='lat'>25</span> 
     </span>
     <span class='ocr_line' id='line_1_20' title="bbox 74 1621 692 1695; baseline -0.005 -16"><span class='ocrx_word' id='word_1_102' title='bbox 74 1622 158 1692; x_wconf 84' lang='lat' dir='ltr'>Quid,</span> <span class='ocrx_word' id='word_1_103' title='bbox 179 1623 232 1680; x_wconf 86' lang='lat' dir='ltr'>nisi</span> <span class='ocrx_word' id='word_1_104' title='bbox 243 1623 381 1681; x_wconf 85' lang='lat' dir='ltr'>utindicic</span> <span class='ocrx_word' id='word_1_105' title='bbox 391 1624 483 1680; x_wconf 82' lang='lat' dir='ltr'>iuncta</span> <span class='ocrx_word' id='word_1_106' title='bbox 492 1621 599 1695; x_wconf 86' lang='lat' dir='ltr'>repulsa</span> <span class='ocrx_word' id='word_1_107' title='bbox 607 1621 692 1678; x_wconf 77' lang='lat' dir='ltr'>forat?</span> 
     </span>
     <span class='ocr_line' id='line_1_21' title="bbox 60 1697 680 1772; baseline -0.002 -18"><span class='ocrx_word' id='word_1_108' title='bbox 60 1698 308 1766; x_wconf 77' lang='lat' dir='ltr'>ercncrcmiurc,</span> <span class='ocrx_word' id='word_1_109' title='bbox 329 1699 460 1772; x_wconf 80' lang='lat' dir='ltr'>puerique</span> <span class='ocrx_word' id='word_1_110' title='bbox 468 1697 585 1756; x_wconf 83' lang='lat' dir='ltr'>volatilis</span> <span class='ocrx_word' id='word_1_111' title='bbox 593 1715 680 1764; x_wconf 89' lang='lat' dir='ltr'>arcus,</span> 
     </span>
     <span class='ocr_line' id='line_1_22' title="bbox 74 1774 602 1835; baseline 0 -5"><span class='ocrx_word' id='word_1_112' title='bbox 74 1791 119 1830; x_wconf 87' lang='lat' dir='ltr'>ma</span> <span class='ocrx_word' id='word_1_113' title='bbox 132 1792 185 1830; x_wconf 92' lang='lat' dir='ltr'>non</span> <span class='ocrx_word' id='word_1_114' title='bbox 196 1774 307 1832; x_wconf 81' lang='lat' dir='ltr'>admissi</span> <span class='ocrx_word' id='word_1_115' title='bbox 316 1775 439 1835; x_wconf 88' lang='lat' dir='ltr'>criminis</span> <span class='ocrx_word' id='word_1_116' title='bbox 448 1792 507 1832; x_wconf 82' lang='lat' dir='ltr'>essa</span> <span class='ocrx_word' id='word_1_117' title='bbox 516 1792 602 1831; x_wconf 85' lang='lat' dir='ltr'>reum.</span> 
     </span>
    </p>
   </div>
   <div class='ocr_carea' id='block_1_4' title="bbox 223 1950 606 2008">
    <p class='ocr_par' dir='ltr' id='par_1_4' title="bbox 223 1950 606 2008">
     <span class='ocr_line' id='line_1_23' title="bbox 223 1950 606 2008; baseline 0 -3"><span class='ocrx_word' id='word_1_118' title='bbox 223 1950 464 2008; x_wconf 83' lang='lat' dir='ltr'><strong>ELEGIA</strong></span> <span class='ocrx_word' id='word_1_119' title='bbox 511 1951 606 2006; x_wconf 81' lang='lat' dir='ltr'>vm.</span> 
     </span>
    </p>
   </div>
   <div class='ocr_carea' id='block_1_5' title="bbox 85 2069 840 2678">
    <p class='ocr_par' dir='ltr' id='par_1_5' title="bbox 85 2069 840 2678">
     <span class='ocr_line' id='line_1_24' title="bbox 85 2069 646 2147; baseline 0.007 -22"><span class='ocrx_word' id='word_1_120' title='bbox 85 2069 177 2126; x_wconf 85' lang='lat' dir='ltr'>ncndis</span> <span class='ocrx_word' id='word_1_121' title='bbox 186 2069 215 2127; x_wconf 90' lang='lat' dir='ltr'>in</span> <span class='ocrx_word' id='word_1_122' title='bbox 225 2071 298 2127; x_wconf 86' lang='lat' dir='ltr'>mille</span> <span class='ocrx_word' id='word_1_123' title='bbox 308 2072 400 2129; x_wconf 87' lang='lat' dir='ltr'>mcdcs</span> <span class='ocrx_word' id='word_1_124' title='bbox 409 2070 524 2147; x_wconf 76' lang='lat' dir='ltr'>perfecta</span> <span class='ocrx_word' id='word_1_125' title='bbox 532 2071 646 2145; x_wconf 76' lang='lat' dir='ltr'>capillis,</span> 
     </span>
     <span class='ocr_line' id='line_1_25' title="bbox 90 2146 669 2222; baseline 0.007 -22"><span class='ocrx_word' id='word_1_126' title='bbox 90 2146 315 2203; x_wconf 85' lang='lat' dir='ltr'>cmcrcscdsolas</span> <span class='ocrx_word' id='word_1_127' title='bbox 324 2147 420 2222; x_wconf 80' lang='lat' dir='ltr'>digna,</span> <span class='ocrx_word' id='word_1_128' title='bbox 442 2147 569 2222; x_wconf 79' lang='lat' dir='ltr'>Cypassi,</span> <span class='ocrx_word' id='word_1_129' title='bbox 591 2148 669 2217; x_wconf 80' lang='lat' dir='ltr'>dcas3</span> 
     </span>
     <span class='ocr_line' id='line_1_26' title="bbox 95 2221 650 2298; baseline 0.007 -22"><span class='ocrx_word' id='word_1_130' title='bbox 95 2221 142 2276; x_wconf 75' lang='lat' dir='ltr'>ahi</span> <span class='ocrx_word' id='word_1_131' title='bbox 152 2221 269 2279; x_wconf 91' lang='lat' dir='ltr'>iucundo</span> <span class='ocrx_word' id='word_1_132' title='bbox 278 2240 333 2278; x_wconf 91' lang='lat' dir='ltr'>non</span> <span class='ocrx_word' id='word_1_133' title='bbox 343 2223 441 2278; x_wconf 83' lang='lat' dir='ltr'>rustica</span> <span class='ocrx_word' id='word_1_134' title='bbox 451 2223 554 2298; x_wconf 77' lang='lat' dir='ltr'>cognita</span> <span class='ocrx_word' id='word_1_135' title='bbox 565 2222 650 2292; x_wconf 83' lang='lat' dir='ltr'>fnrtc;</span> 
     </span>
     <span class='ocr_line' id='line_1_27' title="bbox 100 2295 731 2373; baseline -0.005 -22"><span class='ocrx_word' id='word_1_136' title='bbox 100 2305 137 2352; x_wconf 70' lang='lat' dir='ltr'>ata</span> <span class='ocrx_word' id='word_1_137' title='bbox 146 2297 256 2371; x_wconf 85' lang='lat' dir='ltr'>quidem</span> <span class='ocrx_word' id='word_1_138' title='bbox 265 2298 404 2362; x_wconf 85' lang='lat' dir='ltr'>dominae,</span> <span class='ocrx_word' id='word_1_139' title='bbox 426 2298 569 2373; x_wconf 81' lang='lat' dir='ltr'>scdmagis</span> <span class='ocrx_word' id='word_1_140' title='bbox 579 2307 639 2371; x_wconf 86' lang='lat' dir='ltr'>apta</span> <span class='ocrx_word' id='word_1_141' title='bbox 649 2295 731 2364; x_wconf 81' lang='lat' dir='ltr'>mihi:</span> 
     </span>
     <span class='ocr_line' id='line_1_28' title="bbox 112 2371 840 2446; baseline -0.004 -18"><span class='ocrx_word' id='word_1_142' title='bbox 112 2371 164 2428; x_wconf 79' lang='lat' dir='ltr'>fuit</span> <span class='ocrx_word' id='word_1_143' title='bbox 173 2373 241 2429; x_wconf 82' lang='lat' dir='ltr'>inter</span> <span class='ocrx_word' id='word_1_144' title='bbox 251 2392 300 2430; x_wconf 90' lang='lat' dir='ltr'>nos</span> <span class='ocrx_word' id='word_1_145' title='bbox 310 2373 401 2430; x_wconf 84' lang='lat' dir='ltr'>sociati</span> <span class='ocrx_word' id='word_1_146' title='bbox 411 2374 528 2446; x_wconf 79' lang='lat' dir='ltr'>corporis</span> <span class='ocrx_word' id='word_1_147' title='bbox 538 2371 637 2430; x_wconf 79' lang='lat' dir='ltr'>index?</span> <span class='ocrx_word' id='word_1_148' title='bbox 829 2382 840 2425; x_wconf 79' lang='lat'><strong>5</strong></span> 
     </span>
     <span class='ocr_line' id='line_1_29' title="bbox 111 2446 627 2505; baseline -0.002 -3"><span class='ocrx_word' id='word_1_149' title='bbox 111 2449 167 2503; x_wconf 85' lang='lat' dir='ltr'>nsit</span> <span class='ocrx_word' id='word_1_150' title='bbox 174 2450 332 2504; x_wconf 76' lang='lat' dir='ltr'>concubitus</span> <span class='ocrx_word' id='word_1_151' title='bbox 342 2448 414 2504; x_wconf 83' lang='lat' dir='ltr'>unde</span> <span class='ocrx_word' id='word_1_152' title='bbox 424 2448 539 2505; x_wconf 84' lang='lat' dir='ltr'>Corinna</span> <span class='ocrx_word' id='word_1_153' title='bbox 548 2446 627 2504; x_wconf 72' lang='lat' dir='ltr'>tuos?</span> 
     </span>
     <span class='ocr_line' id='line_1_30' title="bbox 115 2518 691 2597; baseline -0.003 -19"><span class='ocrx_word' id='word_1_154' title='bbox 115 2531 199 2578; x_wconf 65' lang='lat' dir='ltr'>*amen</span> <span class='ocrx_word' id='word_1_155' title='bbox 207 2524 318 2590; x_wconf 81' lang='lat' dir='ltr'>erubui,</span> <span class='ocrx_word' id='word_1_156' title='bbox 338 2541 391 2581; x_wconf 90' lang='lat' dir='ltr'>non</span> <span class='ocrx_word' id='word_1_157' title='bbox 402 2524 485 2581; x_wconf 83' lang='lat' dir='ltr'>varhc</span> <span class='ocrx_word' id='word_1_158' title='bbox 493 2524 585 2597; x_wconf 85' lang='lat' dir='ltr'>lapsus</span> <span class='ocrx_word' id='word_1_159' title='bbox 596 2523 624 2577; x_wconf 93' lang='lat' dir='ltr'>in</span> <span class='ocrx_word' id='word_1_160' title='bbox 635 2518 691 2576; x_wconf 84' lang='lat' dir='ltr'>uilo</span> 
     </span>
     <span class='ocr_line' id='line_1_31' title="bbox 121 2597 712 2678; baseline 0.003 -25"><span class='ocrx_word' id='word_1_161' title='bbox 121 2598 191 2655; x_wconf 84' lang='lat' dir='ltr'>tivac</span> <span class='ocrx_word' id='word_1_162' title='bbox 199 2598 310 2656; x_wconf 82' lang='lat' dir='ltr'>Veneris</span> <span class='ocrx_word' id='word_1_163' title='bbox 319 2599 423 2656; x_wconf 84' lang='lat' dir='ltr'>conscia</span> <span class='ocrx_word' id='word_1_164' title='bbox 433 2602 514 2678; x_wconf 81' lang='lat' dir='ltr'>signa</span> <span class='ocrx_word' id='word_1_165' title='bbox 522 2597 597 2656; x_wconf 81' lang='lat' dir='ltr'>dedi.</span> <span class='ocrx_word' id='word_1_166' title='bbox 709 2598 712 2603; x_wconf 83' lang='lat'>&#39;</span> 
     </span>
    </p>
   </div>
   <div class='ocr_carea' id='block_1_6' title="bbox 141 2669 800 2757">
    <p class='ocr_par' dir='ltr' id='par_1_6' title="bbox 141 2669 800 2757">
     <span class='ocr_line' id='line_1_32' title="bbox 141 2669 800 2757; baseline 0.009 -27"><span class='ocrx_word' id='word_1_167' title='bbox 141 2673 227 2744; x_wconf 77' lang='lat' dir='ltr'>quod,</span> <span class='ocrx_word' id='word_1_168' title='bbox 243 2675 272 2732; x_wconf 88' lang='lat' dir='ltr'>in</span> <span class='ocrx_word' id='word_1_169' title='bbox 284 2673 382 2735; x_wconf 80' lang='lat' dir='ltr'>anciila</span> <span class='ocrx_word' id='word_1_170' title='bbox 392 2677 418 2735; x_wconf 89' lang='lat' dir='ltr'>si</span> <span class='ocrx_word' id='word_1_171' title='bbox 433 2678 501 2757; x_wconf 91' lang='lat' dir='ltr'>quis</span> <span class='ocrx_word' id='word_1_172' title='bbox 513 2669 800 2756; x_wconf 64' lang='lat' dir='ltr'>uelinqacxcpsssn.</span> 
     </span>
    </p>
   </div>
   <div class='ocr_carea' id='block_1_7' title="bbox 0 0 938 2962">
    <p class='ocr_par' dir='ltr' id='par_1_7' title="bbox 0 0 938 2962">
     <span class='ocr_line' id='line_1_33' title="bbox 0 0 938 2962; baseline 0 0"><span class='ocrx_word' id='word_1_173' title='bbox 0 0 938 2962; x_wconf 95' lang='lat' dir='ltr'> </span> 
     </span>
    </p>
   </div>
  </div>
 </body>
</html>
