1868 2962
96 182 273 250 nisimms
292 204 444 250 Amoms.
589 196 640 250 287

34 305 81 360 siin
92 312 131 360 est
139 304 257 377 primum
269 298 397 376 tempore⁴
419 306 493 380 virga
504 303 563 360 iuii.

36 390 75 435 rat
85 380 211 435 manibus
220 397 326 434 summa
336 379 430 435 tellure
439 379 544 450 revelli3

34 466 66 511 *st
75 456 103 512 in
114 456 277 512 immensum
287 455 391 510 viribus
402 463 478 511 aucta
487 455 554 512 suis.

52 531 93 598 id,
123 531 195 605 quod
224 549 312 598 amas,
342 530 419 586 celeri
448 531 620 602 circumspiee

408 612 510 661 mente.

36 699 130 737 assuto
139 681 266 736 subtrahe
274 680 341 737 colla
351 682 425 756 iugo.
669 693 692 735 11

34 757 132 811 zobsta.
162 755 224 812 Sero
234 757 365 811 medicina
375 763 492 828 paratur,
535 800 539 808 .

34 831 100 887 mala
109 849 156 903 per
165 830 257 905 longas
267 830 424 891 convaluere
436 849 533 888 moras.

35 925 76 973 ira,
98 914 314 962 nectsventuras
324 906 400 961 differ
409 908 438 963 in
448 907 537 965 horas.

34 1002 50 1038 n
61 991 101 1037 est
109 982 196 1047 hodie,
216 999 274 1037 cras
286 983 378 1038 minus
389 991 466 1054 aptus
476 984 535 1038 erit.

35 1066 41 1112 1
54 1058 143 1113 omnis
157 1074 245 1122 amor,
265 1058 414 1130 reperitque
424 1057 548 1113 alimenta
564 1075 621 1112 mo-

410 1132 502 1188 rando.
669 1142 694 1186 ss

35 1206 183 1263 {vindictae
192 1206 313 1278 proxima
323 1225 445 1280 quaeque
455 1207 521 1262 dies.
761 1213 765 1221 '

35 1300 117 1355 pauca
126 1281 201 1336 vides
210 1281 243 1336 ds
252 1283 357 1357 magnis
367 1281 484 1339 sontibus
494 1290 563 1339 orta:

35 1356 174 1414 eooilectis
184 1356 395 1430 multiplicantur
403 1359 491 1432 aquis.

35 1434 135 1500 misses,
155 1440 287 1504 quantum
296 1451 402 1504 peecare
413 1451 528 1506 parares,

35 1507 314 1583 geresvultuscortice
334 1509 451 1582 Myrrha,
473 1517 541 1563 tuos.
656 1519 695 1562 1111

50 1584 123 1658 quod
131 1582 217 1639 iuerat
224 1582 312 1656 prime
322 1582 450 1649 sanabile,
473 1582 574 1640 vuinus

35 1660 150 1735 elonges
159 1659 257 1717 damna
267 1658 360 1714 tulisse
373 1677 471 1716 morae.

35 1734 161 1791 idelectai
169 1735 279 1792 Veneris
288 1733 425 1808 decerpere
434 1735 519 1805 flores,

37 1810 176 1878 sassidue‚
197 1810 262 1867 Cres
273 1829 381 1883 quoque
394 1815 438 1869 fiet
447 1812 529 1868 idem.

35 1886 98 1942 citae
108 1894 220 1958 serpunt
229 1887 258 1940 in
268 1886 369 1941 viscera
379 1885 510 1951 flammae,
656 1899 696 1942 115

35 1979 44 2015 1
55 1961 155 2017 radices
165 1960 246 2016 altius
257 1962 334 2016 arbor
343 1963 407 2036 agit.

35 2035 127 2091 auxilii
136 2036 272 2110 perierunt
282 2044 399 2109 tempora
408 2037 499 2110 primi,

35 2130 46 2166 s
57 2112 171 2183 incepto
179 2120 282 2185 pectore
292 2111 359 2167 sedit
368 2131 456 2183 am0r;

36 2195 205 2259 essuperest:
227 2187 273 2243 sed
286 2204 354 2253 nen,
377 2189 442 2261 quia
451 2188 534 2244 serior
544 2205 622 2262 aegro

36 2282 57 2330 r,
77 2262 123 2317 iile
132 2262 199 2316 mihi
209 2262 392 2321 destituendus
402 2264 461 2319 erit.
656 2275 696 2319 1111

36 2356 82 2394 sus
92 2337 177 2392 iuerat
188 2345 289 2410 partem
299 2337 440 2395 Poeantius
449 2338 537 2405 heros,

36 2423 62 2468 at
71 2412 149 2469 celeri
163 2413 341 2485 praesecuisse
350 2432 444 2471 manu.

36 2508 57 2544 ιη
66 2489 110 2544 hic
120 2488 217 2544 multos
227 2496 336 2545 senatus
345 2490 461 2545 creditur
470 2506 554 2544 annos

36 2582 89 2619 iam
101 2563 179 2620 bellis
193 2565 353 2637 imposuisse
363 2582 486 2620 manum.

36 2647 184 2696 meseemes
192 2638 375 2714 properabam
384 2640 489 2716 peiieie
497 2638 634 2702 maximsx
682 2643 730 2682 w,

36 2714 164 2771 otardam
175 2735 253 2775 nunc
265 2735 389 2796 quoque
397 2720 499 2779 ienius
506 2732 611 2792 evm·
