<?xml version="1.0" encoding="UTF-8"?>
<!DOCTYPE html PUBLIC "-//W3C//DTD XHTML 1.0 Transitional//EN"
    "http://www.w3.org/TR/xhtml1/DTD/xhtml1-transitional.dtd">
<html xmlns="http://www.w3.org/1999/xhtml" xml:lang="en" lang="en">
 <head>
  <title>
</title>
<meta http-equiv="Content-Type" content="text/html;charset=utf-8" />
  <meta name='ocr-system' content='tesseract 3.04.00' />
  <meta name='ocr-capabilities' content='ocr_page ocr_carea ocr_par ocr_line ocrx_word'/>
</head>
<body>
  <div class='ocr_page' id='page_1' title='image "./operaomnia01ovidgoog/operaomnia01ovidgoog_0080.png"; bbox 0 0 1868 2962; ppageno 0'>
   <div class='ocr_carea' id='block_1_1' title="bbox 249 161 803 215">
    <p class='ocr_par' dir='ltr' id='par_1_1' title="bbox 249 161 803 215">
     <span class='ocr_line' id='line_1_1' title="bbox 249 161 803 215; baseline 0.002 -1"><span class='ocrx_word' id='word_1_1' title='bbox 249 167 455 214; x_wconf 83' lang='lat' dir='ltr'>HEROIDES.</span> <span class='ocrx_word' id='word_1_2' title='bbox 488 168 542 214; x_wconf 84' lang='grc' dir='ltr'>ΕΡ.</span> <span class='ocrx_word' id='word_1_3' title='bbox 557 167 624 213; x_wconf 79' lang='lat' dir='ltr'><strong>XIV.</strong></span> <span class='ocrx_word' id='word_1_4' title='bbox 775 161 803 215; x_wconf 88' lang='lat' dir='ltr'>&#39;ll</span> 
     </span>
    </p>
   </div>
   <div class='ocr_carea' id='block_1_2' title="bbox 54 259 864 2598">
    <p class='ocr_par' dir='ltr' id='par_1_2' title="bbox 54 259 864 2598">
     <span class='ocr_line' id='line_1_2' title="bbox 63 259 811 343; baseline 0 -18"><span class='ocrx_word' id='word_1_5' title='bbox 63 265 136 336; x_wconf 86' lang='lat' dir='ltr'>Quae</span> <span class='ocrx_word' id='word_1_6' title='bbox 146 267 197 323; x_wconf 84' lang='lat' dir='ltr'>tibi</span> <span class='ocrx_word' id='word_1_7' title='bbox 208 259 302 323; x_wconf 78' lang='lat' dir='ltr'>e&#39;aussa</span> <span class='ocrx_word' id='word_1_8' title='bbox 311 266 407 341; x_wconf 81' lang='lat' dir='ltr'>lugae‘?</span> <span class='ocrx_word' id='word_1_9' title='bbox 425 266 505 340; x_wconf 88' lang='lat' dir='ltr'>quid,</span> <span class='ocrx_word' id='word_1_10' title='bbox 520 269 564 332; x_wconf 79' lang='lat' dir='ltr'>lo,</span> <span class='ocrx_word' id='word_1_11' title='bbox 587 266 651 322; x_wconf 81' lang='lat' dir='ltr'>freta</span> <span class='ocrx_word' id='word_1_12' title='bbox 662 267 739 343; x_wconf 78' lang='lat' dir='ltr'>longa</span> <span class='ocrx_word' id='word_1_13' title='bbox 750 288 811 342; x_wconf 87' lang='lat' dir='ltr'>per-</span> 
     </span>
     <span class='ocr_line' id='line_1_3' title="bbox 387 343 764 398; baseline -0.003 -1"><span class='ocrx_word' id='word_1_14' title='bbox 387 379 391 386; x_wconf 84' lang='lat'>·</span> <span class='ocrx_word' id='word_1_15' title='bbox 594 343 683 398; x_wconf 86' lang='lat' dir='ltr'>erras‘l</span> <span class='ocrx_word' id='word_1_16' title='bbox 759 372 764 381; x_wconf 56' lang='grc' dir='ltr'><em>ι</em></span> 
     </span>
     <span class='ocr_line' id='line_1_4' title="bbox 98 416 645 490; baseline -0.004 -16"><span class='ocrx_word' id='word_1_17' title='bbox 98 420 161 474; x_wconf 86' lang='lat' dir='ltr'>Non</span> <span class='ocrx_word' id='word_1_18' title='bbox 172 418 271 489; x_wconf 86' lang='lat' dir='ltr'>poteris</span> <span class='ocrx_word' id='word_1_19' title='bbox 281 417 374 473; x_wconf 85' lang='lat' dir='ltr'>vultus</span> <span class='ocrx_word' id='word_1_20' title='bbox 381 417 497 490; x_wconf 76' lang='lat' dir='ltr'>effugere</span> <span class='ocrx_word' id='word_1_21' title='bbox 506 416 565 488; x_wconf 92' lang='lat' dir='ltr'>ipsa</span> <span class='ocrx_word' id='word_1_22' title='bbox 574 423 645 472; x_wconf 80' lang='lat' dir='ltr'>tuos.</span> 
     </span>
     <span class='ocr_line' id='line_1_5' title="bbox 66 492 864 568; baseline 0.004 -20"><span class='ocrx_word' id='word_1_23' title='bbox 66 492 165 559; x_wconf 87' lang='lat' dir='ltr'>luachi,</span> <span class='ocrx_word' id='word_1_24' title='bbox 176 511 232 565; x_wconf 91' lang='lat' dir='ltr'>quo</span> <span class='ocrx_word' id='word_1_25' title='bbox 237 492 381 565; x_wconf 81' lang='lat' dir='ltr'>properas?</span> <span class='ocrx_word' id='word_1_26' title='bbox 391 493 491 548; x_wconf 87' lang='lat' dir='ltr'>Eadem</span> <span class='ocrx_word' id='word_1_27' title='bbox 499 492 671 565; x_wconf 82' lang='lat' dir='ltr'>sequerisque</span> <span class='ocrx_word' id='word_1_28' title='bbox 679 493 812 568; x_wconf 82' lang='lat' dir='ltr'>iugisque.</span> <span class='ocrx_word' id='word_1_29' title='bbox 825 509 864 551; x_wconf 78' lang='lat'>105</span> 
     </span>
     <span class='ocr_line' id='line_1_6' title="bbox 99 567 685 639; baseline -0.002 -16"><span class='ocrx_word' id='word_1_30' title='bbox 99 571 143 623; x_wconf 90' lang='lat' dir='ltr'>Tu</span> <span class='ocrx_word' id='word_1_31' title='bbox 154 567 204 623; x_wconf 90' lang='lat' dir='ltr'>tibi</span> <span class='ocrx_word' id='word_1_32' title='bbox 214 568 270 623; x_wconf 87' lang='lat' dir='ltr'>dux</span> <span class='ocrx_word' id='word_1_33' title='bbox 280 569 369 624; x_wconf 89' lang='lat' dir='ltr'>comiti</span> <span class='ocrx_word' id='word_1_34' title='bbox 380 587 387 624; x_wconf 74' lang='grc' dir='ltr'><em>ι</em></span> <span class='ocrx_word' id='word_1_35' title='bbox 407 576 437 623; x_wconf 91' lang='lat' dir='ltr'>tu</span> <span class='ocrx_word' id='word_1_36' title='bbox 447 585 536 624; x_wconf 87' lang='lat' dir='ltr'>eomes</span> <span class='ocrx_word' id='word_1_37' title='bbox 546 567 604 639; x_wconf 86' lang='lat' dir='ltr'>ipsa</span> <span class='ocrx_word' id='word_1_38' title='bbox 614 568 685 622; x_wconf 88' lang='lat' dir='ltr'>duci.</span> 
     </span>
     <span class='ocr_line' id='line_1_7' title="bbox 54 643 690 716; baseline -0.003 -17"><span class='ocrx_word' id='word_1_39' title='bbox 54 645 112 699; x_wconf 27' lang='lat' dir='ltr'>*Per</span> <span class='ocrx_word' id='word_1_40' title='bbox 121 651 224 716; x_wconf 82' lang='lat' dir='ltr'>septem</span> <span class='ocrx_word' id='word_1_41' title='bbox 234 643 312 699; x_wconf 92' lang='lat' dir='ltr'>Nilus</span> <span class='ocrx_word' id='word_1_42' title='bbox 324 651 416 715; x_wconf 87' lang='lat' dir='ltr'>pertus</span> <span class='ocrx_word' id='word_1_43' title='bbox 426 644 542 699; x_wconf 87' lang='lat' dir='ltr'>emissus</span> <span class='ocrx_word' id='word_1_44' title='bbox 553 643 581 698; x_wconf 91' lang='lat' dir='ltr'>iu</span> <span class='ocrx_word' id='word_1_45' title='bbox 592 660 690 716; x_wconf 87' lang='lat' dir='ltr'>aequor</span> 
     </span>
     <span class='ocr_line' id='line_1_8' title="bbox 100 718 549 790; baseline 0 -16"><span class='ocrx_word' id='word_1_46' title='bbox 100 719 178 774; x_wconf 85' lang='lat' dir='ltr'>exuit</span> <span class='ocrx_word' id='word_1_47' title='bbox 189 718 299 775; x_wconf 84' lang='lat' dir='ltr'>insanae</span> <span class='ocrx_word' id='word_1_48' title='bbox 310 718 412 790; x_wconf 86' lang='lat' dir='ltr'>pellicis</span> <span class='ocrx_word' id='word_1_49' title='bbox 422 736 467 774; x_wconf 90' lang='lat' dir='ltr'>ora</span> <span class='ocrx_word' id='word_1_50' title='bbox 477 718 549 774; x_wconf 87' lang='lat' dir='ltr'>bovi.</span> 
     </span>
     <span class='ocr_line' id='line_1_9' title="bbox 66 793 790 867; baseline -0.003 -16"><span class='ocrx_word' id='word_1_51' title='bbox 66 795 164 851; x_wconf 86' lang='lat' dir='ltr'>Ultima</span> <span class='ocrx_word' id='word_1_52' title='bbox 174 794 242 867; x_wconf 92' lang='lat' dir='ltr'>quid</span> <span class='ocrx_word' id='word_1_53' title='bbox 251 793 372 862; x_wconf 82' lang='lat' dir='ltr'>referam,</span> <span class='ocrx_word' id='word_1_54' title='bbox 386 811 503 866; x_wconf 88' lang='lat' dir='ltr'>quorum</span> <span class='ocrx_word' id='word_1_55' title='bbox 514 793 581 849; x_wconf 90' lang='lat' dir='ltr'>mihi</span> <span class='ocrx_word' id='word_1_56' title='bbox 592 810 657 849; x_wconf 85' lang='lat' dir='ltr'>cana</span> <span class='ocrx_word' id='word_1_57' title='bbox 668 803 790 849; x_wconf 77' lang='lat' dir='ltr'>sanemus</span> 
     </span>
     <span class='ocr_line' id='line_1_10' title="bbox 101 868 863 942; baseline 0 -17"><span class='ocrx_word' id='word_1_58' title='bbox 101 868 214 927; x_wconf 76' lang='lat' dir='ltr'>auctor?</span> <span class='ocrx_word' id='word_1_59' title='bbox 231 871 299 925; x_wconf 87' lang='lat' dir='ltr'>Dant</span> <span class='ocrx_word' id='word_1_60' title='bbox 308 869 372 925; x_wconf 91' lang='lat' dir='ltr'>anni</span> <span class='ocrx_word' id='word_1_61' title='bbox 382 869 456 942; x_wconf 88' lang='lat' dir='ltr'>quod</span> <span class='ocrx_word' id='word_1_62' title='bbox 465 887 570 941; x_wconf 81' lang='lat' dir='ltr'>querar,</span> <span class='ocrx_word' id='word_1_63' title='bbox 585 886 653 935; x_wconf 81' lang='lat' dir='ltr'>eece,</span> <span class='ocrx_word' id='word_1_64' title='bbox 665 870 728 925; x_wconf 91' lang='lat' dir='ltr'>mei.</span> <span class='ocrx_word' id='word_1_65' title='bbox 825 885 863 925; x_wconf 87' lang='lat'>110</span> 
     </span>
     <span class='ocr_line' id='line_1_11' title="bbox 63 945 807 1020; baseline -0.001 -19"><span class='ocrx_word' id='word_1_66' title='bbox 63 945 135 1001; x_wconf 90' lang='lat' dir='ltr'>Bella</span> <span class='ocrx_word' id='word_1_67' title='bbox 144 953 219 1018; x_wconf 78' lang='lat' dir='ltr'>paler</span> <span class='ocrx_word' id='word_1_68' title='bbox 229 954 396 1018; x_wconf 87' lang='lat' dir='ltr'>patruusque</span> <span class='ocrx_word' id='word_1_69' title='bbox 404 953 515 1019; x_wconf 81' lang='lat' dir='ltr'>gerunt:</span> <span class='ocrx_word' id='word_1_70' title='bbox 530 962 665 1020; x_wconf 82' lang='lat' dir='ltr'>regnoque</span> <span class='ocrx_word' id='word_1_71' title='bbox 674 945 807 1019; x_wconf 89' lang='lat' dir='ltr'>domoque</span> 
     </span>
     <span class='ocr_line' id='line_1_12' title="bbox 100 1020 652 1094; baseline 0 -19"><span class='ocrx_word' id='word_1_72' title='bbox 100 1020 246 1094; x_wconf 74' lang='lat' dir='ltr'>pellimur.-</span> <span class='ocrx_word' id='word_1_73' title='bbox 258 1021 352 1076; x_wconf 81' lang='lat' dir='ltr'>eiectas</span> <span class='ocrx_word' id='word_1_74' title='bbox 362 1020 474 1075; x_wconf 79' lang='lat' dir='ltr'>ultimus</span> <span class='ocrx_word' id='word_1_75' title='bbox 483 1021 555 1076; x_wconf 86' lang='lat' dir='ltr'>orbis</span> <span class='ocrx_word' id='word_1_76' title='bbox 565 1020 652 1075; x_wconf 80' lang='lat' dir='ltr'>habet.</span> 
     </span>
     <span class='ocr_line' id='line_1_13' title="bbox 64 1095 649 1168; baseline -0.002 -17"><span class='ocrx_word' id='word_1_77' title='bbox 64 1096 111 1152; x_wconf 92' lang='lat' dir='ltr'>Ille</span> <span class='ocrx_word' id='word_1_78' title='bbox 120 1095 196 1152; x_wconf 84' lang='lat' dir='ltr'>ferox</span> <span class='ocrx_word' id='word_1_79' title='bbox 205 1095 278 1152; x_wconf 90' lang='lat' dir='ltr'>solus</span> <span class='ocrx_word' id='word_1_80' title='bbox 288 1095 354 1152; x_wconf 84' lang='lat' dir='ltr'>solio</span> <span class='ocrx_word' id='word_1_81' title='bbox 364 1097 528 1168; x_wconf 84' lang='lat' dir='ltr'><strong>sceptrisque</strong></span> <span class='ocrx_word' id='word_1_82' title='bbox 536 1096 649 1167; x_wconf 82' lang='lat' dir='ltr'>potitur:</span> 
     </span>
     <span class='ocr_line' id='line_1_14' title="bbox 102 1171 708 1245; baseline 0 -19"><span class='ocrx_word' id='word_1_83' title='bbox 102 1188 166 1227; x_wconf 87' lang='lat' dir='ltr'>cum</span> <span class='ocrx_word' id='word_1_84' title='bbox 177 1189 241 1227; x_wconf 86' lang='lat' dir='ltr'>sene</span> <span class='ocrx_word' id='word_1_85' title='bbox 249 1190 298 1228; x_wconf 90' lang='lat' dir='ltr'>nos</span> <span class='ocrx_word' id='word_1_86' title='bbox 310 1171 383 1242; x_wconf 87' lang='lat' dir='ltr'>inopi</span> <span class='ocrx_word' id='word_1_87' title='bbox 394 1171 471 1226; x_wconf 87' lang='lat' dir='ltr'>turba</span> <span class='ocrx_word' id='word_1_88' title='bbox 481 1188 611 1245; x_wconf 82' lang='lat' dir='ltr'><strong>vagamur</strong></span> <span class='ocrx_word' id='word_1_89' title='bbox 621 1172 708 1243; x_wconf 86' lang='lat' dir='ltr'>inops.</span> 
     </span>
     <span class='ocr_line' id='line_1_15' title="bbox 67 1244 864 1320; baseline 0 -18"><span class='ocrx_word' id='word_1_90' title='bbox 67 1246 225 1302; x_wconf 85' lang='lat' dir='ltr'>Deiratrum</span> <span class='ocrx_word' id='word_1_91' title='bbox 239 1245 336 1318; x_wconf 84' lang='lat' dir='ltr'>populo</span> <span class='ocrx_word' id='word_1_92' title='bbox 346 1263 408 1318; x_wconf 88' lang='lat' dir='ltr'>pars</span> <span class='ocrx_word' id='word_1_93' title='bbox 420 1244 594 1320; x_wconf 78' lang='lat' dir='ltr'>exiguissima</span> <span class='ocrx_word' id='word_1_94' title='bbox 604 1254 701 1314; x_wconf 82' lang='lat' dir='ltr'>restas;</span> <span class='ocrx_word' id='word_1_95' title='bbox 825 1261 864 1302; x_wconf 78' lang='lat'>115</span> 
     </span>
     <span class='ocr_line' id='line_1_16' title="bbox 101 1319 660 1395; baseline -0.004 -17"><span class='ocrx_word' id='word_1_96' title='bbox 101 1322 206 1395; x_wconf 90' lang='lat' dir='ltr'>quique</span> <span class='ocrx_word' id='word_1_97' title='bbox 214 1321 268 1377; x_wconf 82' lang='lat' dir='ltr'>dari</span> <span class='ocrx_word' id='word_1_98' title='bbox 279 1321 338 1388; x_wconf 84' lang='lat' dir='ltr'>leto,</span> <span class='ocrx_word' id='word_1_99' title='bbox 353 1339 475 1394; x_wconf 89' lang='lat' dir='ltr'>quaeque</span> <span class='ocrx_word' id='word_1_100' title='bbox 485 1321 588 1387; x_wconf 78' lang='lat' dir='ltr'>dedere,</span> <span class='ocrx_word' id='word_1_101' title='bbox 602 1319 660 1377; x_wconf 91' lang='lat' dir='ltr'>lleo.</span> 
     </span>
     <span class='ocr_line' id='line_1_17' title="bbox 65 1396 750 1470; baseline -0.004 -17"><span class='ocrx_word' id='word_1_102' title='bbox 65 1398 134 1453; x_wconf 84' lang='lat' dir='ltr'>Nam</span> <span class='ocrx_word' id='word_1_103' title='bbox 144 1398 211 1453; x_wconf 91' lang='lat' dir='ltr'>mihi</span> <span class='ocrx_word' id='word_1_104' title='bbox 221 1406 286 1470; x_wconf 81' lang='lat' dir='ltr'>quot</span> <span class='ocrx_word' id='word_1_105' title='bbox 295 1396 398 1463; x_wconf 80' lang='lat' dir='ltr'>fratres,</span> <span class='ocrx_word' id='word_1_106' title='bbox 413 1396 520 1452; x_wconf 82' lang='lat' dir='ltr'>totidem</span> <span class='ocrx_word' id='word_1_107' title='bbox 530 1397 630 1468; x_wconf 85' lang='lat' dir='ltr'>periere</span> <span class='ocrx_word' id='word_1_108' title='bbox 639 1413 750 1464; x_wconf 83' lang='lat' dir='ltr'>sorores,</span> 
     </span>
     <span class='ocr_line' id='line_1_18' title="bbox 102 1472 654 1545; baseline -0.005 -16"><span class='ocrx_word' id='word_1_109' title='bbox 102 1473 214 1545; x_wconf 80' lang='lat' dir='ltr'>recipiat</span> <span class='ocrx_word' id='word_1_110' title='bbox 224 1472 346 1533; x_wconf 82' lang='lat' dir='ltr'>lacrimas</span> <span class='ocrx_word' id='word_1_111' title='bbox 357 1481 469 1544; x_wconf 83' lang='lat' dir='ltr'>utraque</span> <span class='ocrx_word' id='word_1_112' title='bbox 481 1473 558 1526; x_wconf 87' lang='lat' dir='ltr'>turba</span> <span class='ocrx_word' id='word_1_113' title='bbox 571 1489 654 1526; x_wconf 86' lang='lat' dir='ltr'>meas.</span> 
     </span>
     <span class='ocr_line' id='line_1_19' title="bbox 65 1545 763 1622; baseline -0.006 -19"><span class='ocrx_word' id='word_1_114' title='bbox 65 1548 107 1605; x_wconf 87' lang='lat' dir='ltr'>Eu</span> <span class='ocrx_word' id='word_1_115' title='bbox 117 1565 178 1622; x_wconf 80' lang='lat' dir='ltr'>ege,</span> <span class='ocrx_word' id='word_1_116' title='bbox 192 1548 265 1620; x_wconf 88' lang='lat' dir='ltr'>quod</span> <span class='ocrx_word' id='word_1_117' title='bbox 273 1547 355 1613; x_wconf 83' lang='lat' dir='ltr'>vivis,</span> <span class='ocrx_word' id='word_1_118' title='bbox 369 1564 468 1619; x_wconf 86' lang='lat' dir='ltr'>poenae</span> <span class='ocrx_word' id='word_1_119' title='bbox 477 1545 619 1618; x_wconf 73' lang='lat' dir='ltr'>crucianda</span> <span class='ocrx_word' id='word_1_120' title='bbox 629 1563 763 1615; x_wconf 85' lang='lat' dir='ltr'>reservor;</span> 
     </span>
     <span class='ocr_line' id='line_1_20' title="bbox 102 1619 863 1697; baseline -0.003 -20"><span class='ocrx_word' id='word_1_121' title='bbox 102 1622 173 1697; x_wconf 91' lang='lat' dir='ltr'>quid</span> <span class='ocrx_word' id='word_1_122' title='bbox 186 1623 231 1678; x_wconf 86' lang='lat' dir='ltr'>liet</span> <span class='ocrx_word' id='word_1_123' title='bbox 240 1624 319 1689; x_wconf 84' lang='lat' dir='ltr'>sonti,</span> <span class='ocrx_word' id='word_1_124' title='bbox 334 1639 420 1695; x_wconf 90' lang='lat' dir='ltr'>quum</span> <span class='ocrx_word' id='word_1_125' title='bbox 431 1639 474 1676; x_wconf 90' lang='lat' dir='ltr'>rea</span> <span class='ocrx_word' id='word_1_126' title='bbox 485 1621 572 1677; x_wconf 88' lang='lat' dir='ltr'>laudis</span> <span class='ocrx_word' id='word_1_127' title='bbox 581 1619 662 1694; x_wconf 77' lang='lat' dir='ltr'>agar?</span> <span class='ocrx_word' id='word_1_128' title='bbox 825 1634 863 1676; x_wconf 78' lang='lat'>120</span> 
     </span>
     <span class='ocr_line' id='line_1_21' title="bbox 64 1696 716 1773; baseline -0.005 -19"><span class='ocrx_word' id='word_1_129' title='bbox 64 1707 91 1754; x_wconf 84' lang='lat' dir='ltr'>et</span> <span class='ocrx_word' id='word_1_130' title='bbox 102 1699 317 1773; x_wconf 76' lang='lat' dir='ltr'>consanguineae</span> <span class='ocrx_word' id='word_1_131' title='bbox 326 1697 462 1770; x_wconf 89' lang='lat' dir='ltr'>quondam</span> <span class='ocrx_word' id='word_1_132' title='bbox 472 1696 613 1754; x_wconf 75' lang='lat' dir='ltr'>centesima</span> <span class='ocrx_word' id='word_1_133' title='bbox 623 1696 716 1753; x_wconf 83' lang='lat' dir='ltr'>turbae</span> 
     </span>
     <span class='ocr_line' id='line_1_22' title="bbox 102 1771 624 1840; baseline -0.004 -12"><span class='ocrx_word' id='word_1_134' title='bbox 102 1772 207 1840; x_wconf 84' lang='lat' dir='ltr'>infelix,</span> <span class='ocrx_word' id='word_1_135' title='bbox 221 1791 276 1830; x_wconf 90' lang='lat' dir='ltr'>uno</span> <span class='ocrx_word' id='word_1_136' title='bbox 286 1772 364 1829; x_wconf 80' lang='lat' dir='ltr'>fratre</span> <span class='ocrx_word' id='word_1_137' title='bbox 372 1782 505 1839; x_wconf 79' lang='lat' dir='ltr'>manente,</span> <span class='ocrx_word' id='word_1_138' title='bbox 520 1771 624 1828; x_wconf 85' lang='lat' dir='ltr'>cadam.</span> 
     </span>
     <span class='ocr_line' id='line_1_23' title="bbox 64 1847 722 1924; baseline -0.006 -18"><span class='ocrx_word' id='word_1_139' title='bbox 64 1848 100 1906; x_wconf 78' lang='lat' dir='ltr'>lt</span> <span class='ocrx_word' id='word_1_140' title='bbox 111 1858 152 1916; x_wconf 77' lang='lat' dir='ltr'>tu,</span> <span class='ocrx_word' id='word_1_141' title='bbox 168 1849 191 1903; x_wconf 91' lang='lat' dir='ltr'>si</span> <span class='ocrx_word' id='word_1_142' title='bbox 204 1866 257 1921; x_wconf 90' lang='lat' dir='ltr'>qua</span> <span class='ocrx_word' id='word_1_143' title='bbox 268 1849 336 1921; x_wconf 88' lang='lat' dir='ltr'>piae,</span> <span class='ocrx_word' id='word_1_144' title='bbox 350 1849 469 1924; x_wconf 78' lang='lat' dir='ltr'>Lyncea,</span> <span class='ocrx_word' id='word_1_145' title='bbox 483 1849 532 1904; x_wconf 82' lang='lat' dir='ltr'>ribi</span> <span class='ocrx_word' id='word_1_146' title='bbox 541 1865 605 1903; x_wconf 87' lang='lat' dir='ltr'>cura</span> <span class='ocrx_word' id='word_1_147' title='bbox 615 1847 722 1915; x_wconf 84' lang='lat' dir='ltr'>sororis,</span> 
     </span>
     <span class='ocr_line' id='line_1_24' title="bbox 102 1922 727 1998; baseline 0.003 -18"><span class='ocrx_word' id='word_1_148' title='bbox 102 1941 226 1998; x_wconf 89' lang='lat' dir='ltr'>quaeque</span> <span class='ocrx_word' id='word_1_149' title='bbox 236 1924 283 1979; x_wconf 82' lang='lat' dir='ltr'>ribi</span> <span class='ocrx_word' id='word_1_150' title='bbox 293 1924 375 1980; x_wconf 82' lang='lat' dir='ltr'>tribui</span> <span class='ocrx_word' id='word_1_151' title='bbox 386 1942 507 1990; x_wconf 83' lang='lat' dir='ltr'>munera,</span> <span class='ocrx_word' id='word_1_152' title='bbox 521 1923 621 1998; x_wconf 81' lang='lat' dir='ltr'>dignus</span> <span class='ocrx_word' id='word_1_153' title='bbox 630 1922 727 1994; x_wconf 52' lang='lat' dir='ltr'>haben</span> 
     </span>
     <span class='ocr_line' id='line_1_25' title="bbox 66 1996 863 2072; baseline -0.006 -15"><span class='ocrx_word' id='word_1_154' title='bbox 66 1999 107 2057; x_wconf 89' lang='lat' dir='ltr'>vel</span> <span class='ocrx_word' id='word_1_155' title='bbox 118 1999 254 2072; x_wconf 76' lang='lat' dir='ltr'>ferepem</span> <span class='ocrx_word' id='word_1_156' title='bbox 268 1999 310 2055; x_wconf 90' lang='lat' dir='ltr'>vel</span> <span class='ocrx_word' id='word_1_157' title='bbox 320 2000 387 2055; x_wconf 86' lang='lat' dir='ltr'>dede</span> <span class='ocrx_word' id='word_1_158' title='bbox 397 1999 470 2056; x_wconf 84' lang='lat' dir='ltr'>neci:</span> <span class='ocrx_word' id='word_1_159' title='bbox 491 1996 669 2072; x_wconf 84' lang='lat' dir='ltr'>defunctaque</span> <span class='ocrx_word' id='word_1_160' title='bbox 679 1999 731 2054; x_wconf 84' lang='lat' dir='ltr'>vita</span> <span class='ocrx_word' id='word_1_161' title='bbox 825 2010 863 2052; x_wconf 76' lang='lat'>125</span> 
     </span>
     <span class='ocr_line' id='line_1_26' title="bbox 101 2073 624 2149; baseline -0.004 -18"><span class='ocrx_word' id='word_1_162' title='bbox 101 2092 212 2148; x_wconf 84' lang='lat' dir='ltr'>eorpora</span> <span class='ocrx_word' id='word_1_163' title='bbox 223 2073 330 2143; x_wconf 79' lang='lat' dir='ltr'>furtivis</span> <span class='ocrx_word' id='word_1_164' title='bbox 342 2077 453 2148; x_wconf 81' lang='lat' dir='ltr'>insuper</span> <span class='ocrx_word' id='word_1_165' title='bbox 462 2073 529 2130; x_wconf 84' lang='lat' dir='ltr'>adde</span> <span class='ocrx_word' id='word_1_166' title='bbox 538 2074 624 2149; x_wconf 60' lang='lat' dir='ltr'>rogim</span> 
     </span>
     <span class='ocr_line' id='line_1_27' title="bbox 63 2149 642 2223; baseline -0.003 -16"><span class='ocrx_word' id='word_1_167' title='bbox 63 2161 90 2207; x_wconf 82' lang='lat' dir='ltr'>et</span> <span class='ocrx_word' id='word_1_168' title='bbox 99 2149 183 2223; x_wconf 81' lang='lat' dir='ltr'>sepeli</span> <span class='ocrx_word' id='word_1_169' title='bbox 193 2149 308 2206; x_wconf 82' lang='lat' dir='ltr'>lacrimis</span> <span class='ocrx_word' id='word_1_170' title='bbox 318 2150 425 2223; x_wconf 85' lang='lat' dir='ltr'>perlusa</span> <span class='ocrx_word' id='word_1_171' title='bbox 435 2149 559 2207; x_wconf 84' lang='lat' dir='ltr'>fidelibus</span> <span class='ocrx_word' id='word_1_172' title='bbox 568 2167 642 2206; x_wconf 81' lang='lat' dir='ltr'>ossa:</span> 
     </span>
     <span class='ocr_line' id='line_1_28' title="bbox 102 2224 738 2298; baseline -0.006 -17"><span class='ocrx_word' id='word_1_173' title='bbox 102 2225 262 2298; x_wconf 85' lang='lat' dir='ltr'>sculptaque</span> <span class='ocrx_word' id='word_1_174' title='bbox 271 2227 326 2281; x_wconf 86' lang='lat' dir='ltr'>sint</span> <span class='ocrx_word' id='word_1_175' title='bbox 334 2225 411 2282; x_wconf 88' lang='lat' dir='ltr'>titulo</span> <span class='ocrx_word' id='word_1_176' title='bbox 421 2234 509 2282; x_wconf 82' lang='lat' dir='ltr'>nostra</span> <span class='ocrx_word' id='word_1_177' title='bbox 519 2224 640 2298; x_wconf 82' lang='lat' dir='ltr'>sepulcra</span> <span class='ocrx_word' id='word_1_178' title='bbox 649 2224 738 2280; x_wconf 86' lang='lat' dir='ltr'>brevi:</span> 
     </span>
     <span class='ocr_line' id='line_1_29' title="bbox 63 2302 734 2371; baseline -0.007 -15"><span class='ocrx_word' id='word_1_179' title='bbox 63 2302 356 2371; x_wconf 65' lang='lat' dir='ltr'>uxurflypermnerrra</span> <span class='ocrx_word' id='word_1_180' title='bbox 373 2307 486 2370; x_wconf 79' lang='lat' dir='ltr'>prelium</span> <span class='ocrx_word' id='word_1_181' title='bbox 495 2307 599 2371; x_wconf 78' lang='lat' dir='ltr'>pietalis</span> <span class='ocrx_word' id='word_1_182' title='bbox 608 2306 734 2370; x_wconf 76' lang='lat' dir='ltr'>iniquum,</span> 
     </span>
     <span class='ocr_line' id='line_1_30' title="bbox 102 2379 864 2448; baseline -0.008 -17"><span class='ocrx_word' id='word_1_183' title='bbox 102 2394 183 2447; x_wconf 81' lang='lat' dir='ltr'>quam</span> <span class='ocrx_word' id='word_1_184' title='bbox 193 2385 299 2432; x_wconf 79' lang='lat' dir='ltr'>mortem</span> <span class='ocrx_word' id='word_1_185' title='bbox 308 2382 391 2448; x_wconf 71' lang='lat' dir='ltr'>[ratri</span> <span class='ocrx_word' id='word_1_186' title='bbox 398 2381 505 2446; x_wconf 76' lang='lat' dir='ltr'>depulit,</span> <span class='ocrx_word' id='word_1_187' title='bbox 527 2384 584 2447; x_wconf 77' lang='lat' dir='ltr'>ipsa</span> <span class='ocrx_word' id='word_1_188' title='bbox 595 2379 665 2432; x_wconf 72' lang='lat' dir='ltr'>tulit.</span> <span class='ocrx_word' id='word_1_189' title='bbox 825 2383 864 2426; x_wconf 77' lang='lat'>13⁰</span> 
     </span>
     <span class='ocr_line' id='line_1_31' title="bbox 62 2450 742 2524; baseline -0.009 -16"><span class='ocrx_word' id='word_1_190' title='bbox 62 2450 186 2508; x_wconf 82' lang='lat' dir='ltr'>Scribere</span> <span class='ocrx_word' id='word_1_191' title='bbox 196 2451 273 2524; x_wconf 89' lang='lat' dir='ltr'>plura</span> <span class='ocrx_word' id='word_1_192' title='bbox 283 2451 361 2508; x_wconf 81' lang='lat' dir='ltr'>libet:</span> <span class='ocrx_word' id='word_1_193' title='bbox 375 2451 422 2508; x_wconf 86' lang='lat' dir='ltr'>aed</span> <span class='ocrx_word' id='word_1_194' title='bbox 433 2451 549 2524; x_wconf 87' lang='lat' dir='ltr'>pondere</span> <span class='ocrx_word' id='word_1_195' title='bbox 559 2451 627 2506; x_wconf 85' lang='lat' dir='ltr'>lassa</span> <span class='ocrx_word' id='word_1_196' title='bbox 636 2455 742 2524; x_wconf 78' lang='lat' dir='ltr'>catenae</span> 
     </span>
     <span class='ocr_line' id='line_1_32' title="bbox 101 2524 689 2598; baseline -0.014 -14"><span class='ocrx_word' id='word_1_197' title='bbox 101 2535 143 2584; x_wconf 83' lang='lat' dir='ltr'>est</span> <span class='ocrx_word' id='word_1_198' title='bbox 152 2543 260 2586; x_wconf 86' lang='lat' dir='ltr'>manus.</span> <span class='ocrx_word' id='word_1_199' title='bbox 273 2535 300 2584; x_wconf 81' lang='lat' dir='ltr'>et</span> <span class='ocrx_word' id='word_1_200' title='bbox 311 2527 382 2585; x_wconf 85' lang='lat' dir='ltr'>vires</span> <span class='ocrx_word' id='word_1_201' title='bbox 390 2527 524 2587; x_wconf 75' lang='lat' dir='ltr'>subtrahit</span> <span class='ocrx_word' id='word_1_202' title='bbox 533 2527 591 2598; x_wconf 84' lang='lat' dir='ltr'>ipse</span> <span class='ocrx_word' id='word_1_203' title='bbox 601 2524 689 2578; x_wconf 81' lang='lat' dir='ltr'>timor.</span> 
     </span>
    </p>
   </div>
   <div class='ocr_carea' id='block_1_3' title="bbox 0 0 938 2962">
    <p class='ocr_par' dir='ltr' id='par_1_3' title="bbox 0 0 938 2962">
     <span class='ocr_line' id='line_1_33' title="bbox 0 0 938 2962; baseline 0 1"><span class='ocrx_word' id='word_1_204' title='bbox 0 0 938 2962; x_wconf 95' lang='lat' dir='ltr'> </span> 
     </span>
    </p>
   </div>
  </div>
 </body>
</html>
