1868 2962
213 173 381 223 AMORUM
400 175 469 218 LIB.
489 173 532 219 111.
551 175 605 220 ΕΒ.
627 175 667 247 dd.
763 170 813 223 2⁰9

63 279 101 332 Da
114 275 231 349 populo,
251 275 374 330 daverba
386 274 468 328 mihi:
490 273 548 328 sine
558 275 771 346 nesciuserrem3

103 361 128 406 et
138 350 215 406 liceat
224 350 305 406 stulta
314 348 468 404 credulitate
479 348 541 404 frui.
842 365 867 409 30

65 427 120 483 Cur
130 427 208 482 toties
218 426 296 482 video
308 426 377 479 mitti
389 426 524 496 recipique
537 423 664 480 tabellas?

103 501 159 558 Cur
170 517 280 572 pressus
291 501 363 572 prior
372 508 412 554 esi
424 500 585 572 interiorque
595 499 686 557 torus?

64 576 121 633 Cur
131 575 209 648 plus,
231 593 314 648 quam
324 592 432 639 somno,
453 577 572 630 turbatos
582 593 640 630 esse
649 576 767 647 capillos,

104 650 228 724 ooliaque
237 651 372 721 conspicio
381 649 468 704 dentis
479 651 575 705 hahere
585 649 693 706 notam?

65 728 183 782 Tantum
194 743 248 781 uon
258 725 349 781 oculos
359 725 460 780 crimen
471 725 581 780 deducis
591 725 624 779 ad
635 726 718 797 ipsos.
841 739 866 781 35

103 801 132 857 Si
142 801 251 858 dubitas
261 798 346 855 famae
356 817 475 871 parcere,
496 818 573 872 parce
584 801 661 856 mihi.

65 878 144 933 Mens
155 877 222 941 abit,
243 875 390 941 simonior,
410 876 515 948 quoties
526 893 647 947 peccasse
656 875 754 941 fateris,

104 968 207 1024 perque
215 967 290 1006 meos
300 960 374 1006 artus
387 950 481 1024 {rigida
493 960 568 1026 gutia
581 950 648 1008 fluit.

65 1028 146 1082 Tunc
160 1044 235 1083 amo:
257 1034 321 1082 tunc
333 1026 377 1082 odi
392 1025 503 1091 frustra,
523 1027 595 1098 quod
608 1045 696 1082 amere
707 1045 814 1084 necesse

602 1109 656 1159 est:

105 1184 172 1232 tunc
213 1193 243 1241 ο,
264 1175 311 1230 sed
320 1185 423 1242 tecum,
443 1183 566 1231 mortuus
575 1193 633 1233 esse
643 1177 735 1232 velim.
842 1184 868 1230 io

65 1251 111 1307 Nil
122 1251 186 1323 equi
206 1249 408 1322 eminquiram;
430 1267 492 1320 nec,
513 1251 801 1325 quaeceiereparabis,

105 1327 247 1398 insequar:
268 1334 293 1380 et
303 1325 361 1380 iaisi
372 1326 493 1380 criminis
504 1327 587 1380 instar
596 1328 654 1382 erit.

64 1402 94 1458 si
106 1401 235 1457 tamenin
245 1401 332 1455 media
341 1402 468 1473 deprensa
482 1403 601 1456 tenebere
609 1402 698 1474 culpa,

104 1485 131 1532 et
141 1476 238 1533 inerint
247 1476 332 1531 oculis
342 1477 437 1547 probra
448 1476 560 1531 videnda
572 1477 652 1544 meis;

64 1569 138 1627 quae
150 1552 217 1608 bene
226 1551 285 1606 visa
296 1552 362 1605 mihi
373 1550 484 1615 suerint,
506 1551 572 1605 bene
584 1550 642 1604 visa
657 1558 760 1625 negato.
841 1558 867 1605 45

106 1627 257 1684 Concedent
267 1627 357 1682 verbis
368 1626 469 1681 lumina
481 1635 568 1680 nostra
579 1626 643 1681 tuis.

65 1706 153 1759 Prona
163 1702 211 1757 tibi
221 1702 293 1757 vinci
303 1703 452 1774 cupientem
462 1702 567 1756 vincere
577 1701 664 1773 palma
674 1708 727 1756 est:

104 1778 141 1833 sit
154 1777 246 1842 modo,
266 1778 325 1832 Non
336 1777 398 1843 ieci,
419 1778 505 1832 dicere
516 1776 608 1850 lingua
619 1794 729 1832 memor.

66 1854 161 1922 Quum
172 1853 238 1908 bene
247 1854 382 1926 contingat
391 1853 480 1908 verbis
490 1869 615 1923 superare
625 1852 744 1920 duobus3

105 1929 155 1984 etsi
166 1946 219 1985 non
229 1945 337 1994 caussa,
360 1927 445 1982 iudice
455 1928 532 1983 vince
542 1934 598 1981 tuo.
842 1937 867 1978 50

262 2103 503 2160 ELEGIA
548 2103 621 2159 XV.

67 2217 179 2293 Quaere
188 2241 288 2280 novum
298 2232 399 2290 vatem,
414 2231 564 2280 tenerorum
574 2231 658 2279 mater
667 2223 811 2277 Amorum:

106 2300 208 2356 raditur
217 2299 282 2354 haec
291 2298 372 2373 elegis
381 2299 476 2354 ultima
485 2300 574 2354 charta
584 2299 661 2363 meis,

67 2395 138 2451 quos
148 2393 197 2450 ego
208 2375 360 2446 composui,
380 2375 482 2449 Peligni
492 2375 563 2430 ruris
573 2374 709 2436 alumnus,

107 2452 166 2526 (neo
176 2468 218 2505 me
227 2449 337 2505 deliciae
347 2451 490 2505 dedecuere
499 2467 573 2504 meae
581 2448 599 2520 ς)

66 2528 90 2584 si
101 2527 170 2601 quid
180 2526 207 2580 id
216 2534 269 2590 est.
290 2543 401 2598 usqucn
412 2527 518 2598 proavis
528 2533 604 2578 vetus
616 2520 717 2575 ordinis
727 2520 813 2585 heres,
857 2531 868 2573 5

106 2620 161 2659 non
171 2601 249 2657 modo
261 2601 373 2656 militiae
383 2602 488 2656 turbine
498 2598 583 2653 iactus
592 2612 687 2669 eques.

60 2680 172 2807 Mffl
182 2673 294 2811 Wffio
300 2677 420 2753 gaudet,
441 2679 552 2737 Verona
561 2671 689 2733 Caiuiioz
738 2755 766 2811 Q
