1868 2962
42 184 46 193 ·
127 149 177 204 206
317 153 347 198 P.
369 149 497 197 ovum
513 149 685 198 NASONIS

127 254 149 309 0
160 253 263 309 utinam
273 251 392 308 adversis
400 251 546 326 tetigissem
556 250 676 306 our-mina
686 253 783 318 Musis,

165 327 287 383 Phoebus
298 336 323 381 et
337 328 472 398 inceptum
483 325 647 381 destituisset
655 328 741 399 opus!

128 406 181 459 Nec
189 411 294 467 tamen,
315 410 345 458 ut
355 410 433 457 testes
442 419 501 457 mos
512 408 552 456 est
561 400 656 456 audire
663 405 766 474 poetes,

74 492 98 534 m
164 478 311 533 malueram
322 478 411 534 verbis
420 476 527 549 pondus
536 475 629 532 abesse
637 477 717 533 meis.

128 556 177 608 Per
186 571 234 609 nos
245 553 347 628 Scylla,
368 553 436 625 patri
447 569 527 607 canos
538 550 624 607 furate
633 551 757 624 capillos,

166 629 237 701 pube
248 630 344 701 premit
353 627 459 683 rabidos
471 626 687 701 inguinibusque
696 645 786 684 onnes.

129 706 183 761 Nos
193 703 307 777 pedibus
317 703 441 758 dedimus
446 720 559 775 pennas,
571 719 620 758 nos
628 702 753 759 crinibus
763 721 854 778 angues

168 781 250 837 victor
259 778 420 834 Abantiades
431 777 491 834 alite
501 777 584 832 fertur
592 794 674 849 equo.
777 846 781 854 ¹

75 868 100 911 25
129 856 211 911 Iidem
222 872 269 926 per
278 853 394 925 spatium
405 854 501 926 Tityon
512 852 681 925 porreximus
691 853 804 928 ingons3

167 940 192 984 et
204 930 251 983 tria
260 930 367 1000 vipereo
379 927 492 983 fecimus
503 945 549 983 ora
561 928 633 983 cuni.

132 1007 254 1060 Fecimus
262 1002 427 1059 Enceladum
438 1002 597 1058 iaculantem
607 1001 684 1058 mille
694 1002 813 1068 lacerum

168 1080 309 1154 ambiguae
317 1088 407 1151 captos
416 1078 530 1153 virginis
540 1096 585 1133 ore
598 1078 680 1135 uiros.

130 1154 236 1215 Amlios
246 1155 342 1211 ltbaois
353 1154 513 1209 inclusimus
522 1154 628 1209 utribus
640 1154 739 1209 Euros.

77 1243 102 1285 to
168 1231 287 1286 Proditor
296 1230 323 1284 in
334 1229 422 1284 medio
432 1228 559 1284 Tantalus
569 1245 647 1283 amne
656 1229 723 1284 sitit.

131 1307 167 1360 De
177 1305 261 1360 Niobe
270 1303 388 1369 silicem,
407 1304 441 1358 de
452 1304 556 1378 virgine
566 1302 678 1358 fecimus
689 1321 793 1360 ursam.

169 1380 291 1435 Concinit
300 1378 446 1452 Odrysium
456 1379 580 1451 Cecropis
590 1378 644 1433 aies
657 1379 728 1453 Ityn.

133 1456 231 1527 iupiter
241 1464 286 1509 aut
297 1455 324 1509 in
336 1472 412 1519 aves,
433 1460 480 1509 aut
488 1471 517 1508 se
526 1452 698 1510 transformat
707 1472 736 1509 ιο
748 1471 854 1512 aurum:

169 1541 215 1586 aut
226 1540 296 1586 secat
306 1531 428 1602 imposita
438 1530 543 1604 virgins
553 1537 646 1584 taurus
655 1547 751 1602 aquas.

78 1617 103 1660 35
132 1608 222 1663 Protea
233 1607 300 1679 quid
313 1605 434 1671 referam,
451 1605 630 1677 Thebanaque
640 1605 755 1672 semina,
772 1605 854 1662 dentes

170 1682 217 1752 qui
228 1689 363 1735 vomerent
373 1678 494 1736 flammas
504 1698 562 1746 ore,
581 1678 664 1736 fuisse
674 1680 777 1736 boves?

132 1755 193 1809 flere
201 1755 278 1827 genis
288 1753 381 1807 eiectru
392 1762 466 1820 tuas,
487 1755 602 1829 Auriga,
623 1753 747 1811 sorores?

169 1845 292 1901 quaeque
301 1836 370 1882 rates
380 1827 493 1895 fuerint,
512 1848 585 1887 nunc
595 1830 677 1885 meris
688 1848 749 1886 esse
758 1829 841 1888 deas‘i

132 1921 310 1977 aversumque
319 1904 389 1959 diem
400 1905 501 1963 mensis
511 1905 652 1961 furialibus
661 1905 753 1961 Atrei?

80 1987 103 2032 to
168 1980 290 2052 duraque
300 1997 454 2052 percussam
464 1999 528 2037 saxa
537 1991 627 2036 secuta
640 1980 747 2056 lyrem‘?

131 2055 193 2109 Exit
203 2055 231 2110 in
243 2055 406 2111 immensum
416 2055 527 2113 fecunde
537 2055 641 2112 licentia
652 2064 756 2123 vatum,

169 2129 270 2203 obligat
281 2131 406 2188 historica
420 2150 469 2188 nec
478 2151 526 2188 sua
536 2132 618 2189 verba
627 2131 689 2187 tide.

132 2205 165 2258 Et
174 2223 233 2259 mea
243 2206 369 2261 debuerat
380 2207 446 2265 falso
457 2207 562 2263 laudato
572 2207 655 2263 videri

171 2279 279 2335 femina.
309 2281 458 2339 Credulitas
466 2301 540 2340 nuuc
548 2283 616 2339 mihi
627 2289 716 2338 vestra
726 2290 813 2340 nooet.

314 2457 557 2515 ELEGIA
604 2459 700 2514 xlll.

136 2569 233 2648 Quum
243 2580 311 2636 mihi
321 2576 458 2652 pomiferis
467 2579 566 2635 coniux
577 2579 642 2636 foret
650 2587 707 2635 orte
718 2579 840 2648 Faliscis,

164 2655 275 2716 moenia
284 2655 449 2730 contigimus
455 2652 544 2719 uicta,
560 2654 690 2718 tremitis„
704 2657 767 2711 tibi.

297 2854 316 2915 *i
