1868 2962
129 125 160 178 88
324 129 352 174 P.
373 126 500 174 OVIDII
518 124 687 171 NASONIS

128 231 226 303 Iupiter
234 229 277 283 his
285 226 392 303 gaudet,
402 225 500 301 gaudet
508 227 600 282 Venus
609 242 689 281 aurea
699 224 790 281 furtis.

74 320 112 363 000
164 306 232 360 Haec
241 304 289 358 tibi
298 319 394 375 nempe
402 309 503 375 patrem
516 300 802 360 furtadederalevem.
836 334 844 355 ·.

127 381 181 436 Vix
191 379 256 444 fieri,
267 378 291 433 ei
301 385 365 433 sunt
374 378 444 433 vires
455 378 484 432 in
494 377 596 431 semine
606 393 729 442 avorum,

165 465 190 511 et
198 455 268 510 Iovis
278 463 303 509 et
312 452 398 508 Ledae
407 453 471 518 filia,
485 459 556 507 easta
564 458 649 524 petes.

129 531 205 587 Casta
215 538 303 585 tamen
313 535 371 584 tum
380 528 428 594 eis,
441 545 527 600 quum
536 534 562 582 te
572 544 630 582 mea
641 527 719 582 Troia
730 528 843 584 tenebit:

166 613 191 660 et
199 612 245 661 tua
255 606 316 670 sim,
327 620 436 676 quaese,
446 603 559 663 erimina
569 601 643 658 solue
654 619 713 677 ego.

76 695 114 737 005
128 683 207 736 Nunc
218 698 248 735 ea
257 695 405 751 peccemus,
417 695 486 750 quae
495 678 608 751 oorrigat
618 677 683 733 hora
692 677 808 752 iugalis,

168 757 190 811 si
201 755 279 812 modo
288 753 410 826 promisit
420 770 473 808 non
483 753 551 807 mihi
561 769 630 807 vana
638 753 743 808 Venus.

131 831 181 887 Sed
191 831 239 886 tibi
249 837 274 884 et
283 830 332 884 hoo
341 827 435 883 suadet
446 828 537 893 rebus,
548 845 602 883 non
610 844 684 893 voee,
695 829 825 884 maritus:

167 923 233 962 neve
243 904 286 960 sui
296 903 374 959 furtis
386 902 500 976 hospitis
509 902 604 968 obstet,
615 903 699 958 abest.
752 926 757 933 ¹

130 984 188 1037 Non
198 980 292 1035 hahuit
300 988 416 1050 tempus,
466 977 595 1034 oCreesia
670 978 808 1045 arrideret,

78 1070 115 1112 300
168 1056 265 1127 aptius.
285 1053 434 1110 Omiraeal
446 1053 633 1109 iditaterirurn

131 1132 182 1186 ivit
190 1138 224 1198 at,
236 1129 315 1196 Idaei,
325 1129 425 1186 mando
432 1129 491 1195 tibi,
503 1128 571 1184 dixit
580 1129 677 1195 iturus,

167 1224 259 1261 curam
269 1223 317 1278 pro
326 1206 404 1261 nobis
414 1205 536 1276 hospitis,
547 1222 625 1271 uxor,
635 1221 709 1278 agas.

131 1281 250 1356 Negligis
259 1281 386 1346 absentis,
398 1287 486 1345 testor,
497 1280 621 1335 mandata
631 1279 734 1335 mariti:

168 1374 231 1411 cura
241 1356 290 1411 tihi
301 1374 354 1412 non
364 1363 404 1411 eet
412 1356 526 1427 hospitis
535 1355 590 1410 ulla
602 1355 649 1409 tui.

79 1445 116 1488 305
131 1431 304 1487 Hunccinetu
314 1448 404 1503 sperae
414 1431 550 1498 hominem
561 1431 619 1486 sine
628 1440 731 1501 pectore
739 1430 816 1485 detes

168 1525 245 1580 posse
255 1508 319 1563 satie
329 1506 438 1573 formae,
450 1506 577 1580 Tyndari,
590 1523 668 1560 nosse
678 1504 756 1560 tuae‘?

132 1583 256 1639 Falleris:
278 1584 395 1657 ignorat3
416 1598 474 1647 nee,
485 1582 509 1635 ni
519 1582 588 1636 hona
598 1597 704 1636 summa
714 1589 831 1653 putaret,

170 1676 239 1732 quaa
247 1665 326 1723 tenet,
337 1664 446 1713 externo
453 1655 569 1711 erederet
578 1655 623 1709 illa
634 1655 700 1710 viro.

132 1734 165 1788 Ut
174 1743 198 1788 te
208 1749 256 1787 nec
267 1749 326 1786 mea
334 1749 397 1796 vox,
409 1748 456 1786 nec
466 1739 491 1785 te
500 1749 576 1786 meus
586 1731 677 1785 incitet
685 1729 778 1786 ardor.

79 1822 117 1864 300
168 1808 291 1882 cogimur
300 1807 386 1878 ipsius
395 1807 579 1862 commoditate
589 1805 655 1874 irui3

132 1892 177 1939 aut
188 1883 289 1938 erimus
299 1882 383 1949 stulti,
395 1882 434 1937 sic
442 1890 472 1937 ut
482 1899 638 1955 superemus
648 1887 674 1935 et
682 1882 784 1952 ipsunt,

170 1960 192 2013 si
203 1967 258 2013 tam
268 1976 392 2013 securum
403 1965 509 2030 tempus
519 1957 602 2012 abibit
611 1957 693 2011 iners.

133 2036 216 2089 Paene
225 2035 283 2088 suis
293 2033 495 2089 adtemanihus
504 2032 614 2087 deduxit
622 2039 766 2087 amantem.

170 2110 247 2164 Utere
257 2109 408 2164 mandantis
418 2108 586 2180 simpiicitata
596 2107 657 2162 viri.

80 2198 118 2240 310
134 2185 193 2241 Sola
205 2184 273 2238 iaces
284 2183 430 2238 viduatam
444 2183 521 2256 longa
532 2191 607 2238 noete
615 2180 713 2238 cubili:

171 2261 197 2315 in
209 2259 291 2314 viduo
300 2258 371 2314 iaoee
380 2256 453 2314 eolus
463 2267 489 2313 et
498 2259 556 2329 ipse
565 2267 631 2314 toro.

134 2338 170 2390 Te
180 2336 246 2390 mihi
257 2352 354 2406 meque
363 2334 411 2388 tibi
420 2335 573 2389 eommunia
583 2333 681 2408 gaudie
692 2333 817 2408 iungant.

172 2412 315 2468 Candidior
325 2408 412 2466 medio
425 2427 478 2465 nox
487 2410 537 2464 erit
546 2409 591 2464 illa
601 2409 653 2464 die.

135 2488 267 2561 Tuneege
277 2488 370 2542 iurabo
380 2485 549 2558 quaevistibi
561 2486 687 2552 numina3
709 2501 808 2557 meque

26 2577 28 2580 ’
82 2576 120 2620 300
172 2563 336 2638 adstringam
346 2563 434 2619 verbis
445 2562 472 2616 in
483 2578 556 2616 sacra
568 2561 625 2616 iura
638 2560 702 2614 tuis.

131 2639 209 2695 Tarne
217 2656 274 2713 ego,
287 2640 312 2696 si
322 2657 376 2698 non
389 2646 429 2697 est
438 2636 521 2696 salian
529 2637 629 2694 iidneia
637 2635 735 2700 neetri,
