1868 2962
236 114 446 186 macomus.
474 140 623 188 sexum
670 204 673 209 ,
765 134 799 187 97

51 241 121 295 Dum
132 239 250 312 loqueris
261 257 377 306 mecum,
388 241 454 296 dum
465 258 518 296 oox
528 249 630 313 sperata
640 252 757 314 paratur,

89 315 137 388 qui
148 313 215 369 ierat
223 313 252 370 in
260 316 384 387 patriam,
396 315 449 370 iam
461 316 509 370 tibi
519 324 614 371 ventus
624 318 682 372 erit.

53 389 185 445 Cursibus
194 389 223 444 io
233 389 329 445 mediis
339 390 461 447 novitatis
470 389 548 462 plena
558 391 691 463 relinques

87 463 202 539 gaudia:
223 481 286 525 cum
294 465 381 523 ventis
392 474 480 521 noster
492 465 577 521 ahihit
586 483 668 522 amor.

54 538 93 594 An
104 556 213 610 sequar,
225 547 256 595 ut
264 540 370 607 suades,
382 540 541 612 laudataque
552 541 678 615 Pergama
689 545 794 600 visam?
813 559 852 601 205

88 631 226 686 pronurus
236 622 262 669 et
271 615 362 689 magni
372 615 558 671 Laomedontis
568 615 631 671 ero‘?

54 690 110 745 Non
123 689 158 743 ita
168 697 309 746 contemno
318 689 433 746 volucris
441 691 580 763 praeconia
590 691 696 757 Famae,

89 771 121 818 ut
131 763 236 836 probris
246 773 329 820 terras
340 764 448 836 impleat
457 764 501 819 illa
512 765 589 820 meis.

55 837 125 905 Quid
135 838 168 893 de
177 856 220 893 me
228 839 323 911 poterit
330 839 433 913 Sparte,
445 839 513 911 quid
522 839 621 902 Achaia
630 848 692 907 tota,

89 912 158 986 quid
166 922 259 1000 gentes
269 913 357 980 Asiae,
368 915 436 987 quid
444 923 489 969 tua
499 915 575 971 Troia
586 914 678 987 loqui?
815 929 852 972 210

54 986 124 1054 Quid
135 990 258 1043 Priamus
265 989 301 1044 de
311 1007 363 1054 me,
378 990 475 1044 Priami
486 989 553 1061 quid
562 991 657 1045 sentiet
671 1009 746 1060 uxor,

89 1070 180 1136 totque
189 1063 230 1118 tui
239 1063 342 1128 fratres,
353 1063 552 1134 Dardaniaeque
564 1064 666 1119 nurus‘?

55 1137 94 1193 Tu
104 1155 214 1210 quoque
223 1139 272 1211 qui
282 1140 379 1210 poteris
390 1138 445 1193 iore
454 1156 497 1192 me
506 1154 611 1209 sperare
621 1139 735 1206 fidelem,

89 1221 116 1268 et
127 1230 182 1269 non
191 1213 321 1285 exemplis
330 1213 428 1269 auxius
441 1229 500 1267 esso
509 1212 581 1268 tuis‘l

55 1286 215 1360 Quicunque
225 1287 318 1345 lliacos
328 1288 465 1343 intraverit
473 1287 575 1345 advena
584 1296 687 1361 portus,
815 1303 853 1347 215

91 1365 115 1417 is
125 1362 174 1417 tibi
185 1362 291 1418 solliciti
302 1381 396 1418 caussa
406 1363 509 1418 timoris
518 1364 576 1419 erit.
608 1413 611 1418 .

55 1441 114 1510 lpse
124 1437 192 1492 mihi
203 1439 308 1510 quoties
318 1439 410 1503 iratus,
422 1436 557 1502 Adultera,
569 1438 651 1504 dices,

91 1512 191 1569 oblitus
203 1521 292 1569 nostro
302 1513 403 1567 crimen
414 1512 500 1568 inesse
510 1510 606 1567 tuum?

55 1587 147 1643 Delicti
158 1588 206 1642 ties
216 1587 286 1642 idem
297 1587 470 1660 reprehensor
479 1595 505 1643 et
514 1594 615 1643 auctor.

91 1662 573 1734 Terra,preeor‚uultusobruatante
582 1679 665 1718 meos.
817 1676 854 1719 tac

54 1738 87 1792 At
97 1737 173 1792 fruar
182 1737 268 1792 Iliacis
277 1738 383 1811 opibus,
394 1736 523 1810 cultuque
531 1737 621 1806 beato;

91 1813 215 1885 donaque
224 1813 363 1885 promissis
373 1813 493 1869 uberiora
504 1812 598 1867 feram.

56 1890 178 1959 Purpura
188 1904 284 1959 nempe
294 1888 371 1950 mihi,
383 1889 552 1960 pretiosaque
561 1894 631 1942 texta
640 1888 791 1945 dabuntur:

93 1970 273 2037 magestoque
281 1963 338 2017 auri
349 1962 465 2035 pondere
474 1962 549 2018 dives
561 1980 615 2018 ero.

55 2035 209 2094 deveniam
220 2037 318 2107 lassae;
341 2057 393 2093 non
403 2046 467 2093 sunt
476 2046 521 2092 tua
530 2054 642 2093 munera
651 2040 727 2094 tanti.
817 2049 856 2092 225

91 2113 188 2168 Nescio
198 2130 252 2185 quo
261 2111 340 2167 tellus
350 2131 393 2167 mc
402 2120 472 2167 tenet
481 2113 531 2169 ista
541 2113 629 2168 modo.

55 2187 122 2255 Quis
132 2187 211 2253 mihi,
223 2186 245 2241 si
257 2186 353 2253 laedar,
366 2187 490 2261 Phryoiis
500 2196 635 2244 succurret
645 2188 673 2242 in
683 2185 755 2243 orrs‘?

91 2262 169 2318 Unda
213 2270 265 2316 tarn
276 2260 378 2328 fratros,
392 2228 463 2317 unde
472 2263 589 2335 parentis
599 2261 694 2335 opem‘l

55 2337 154 2392 Omnia
192 2336 269 2392 edeae
280 2336 361 2392 fallax
372 2337 494 2410 promisit
501 2339 592 2394 lason:

91 2411 172 2485 pulsa
183 2418 223 2475 est
232 2410 346 2466 Aesonia
356 2431 408 2468 nou
419 2413 511 2468 minus
521 2412 566 2468 illa
577 2413 665 2466 domo.
819 2421 856 2464 230

55 2489 116 2543 Non
126 2493 183 2541 erat
191 2485 293 2552 Aeetes,
305 2486 339 2541 ad
348 2505 428 2560 quem
438 2488 559 2559 despecta
569 2486 679 2540 rediret:

93 2580 148 2618 non
159 2562 233 2631 lpsea
244 2578 350 2633 parens,
362 2563 557 2637 Chalciopeque
568 2578 655 2616 soror.

56 2635 197 2692 Taleniiu'l
207 2636 300 2692 timeo:
318 2637 368 2695 sed
377 2657 428 2698 uec
438 2639 533 2699 Medea
541 2637 673 2697 timebat.

81 2718 155 2770 Ouo.
175 2719 203 2772 T.
220 2720 240 2774 l.
697 2725 726 2782 ὓ
