1868 2962
263 147 471 194 HEROIDES.
499 149 557 194 ΕΡ.
570 149 612 194 111.
781 143 812 195 i3

101 254 128 304 ct
136 264 231 320 preme
242 249 361 304 turbatos
371 249 454 303 Marta
463 246 566 303 favente
575 249 657 304 viros.

64 325 174 396 Propter
184 340 228 378 me
237 331 308 379 mota
317 330 366 388 est,
376 329 483 395 propter
492 340 535 377 mo
543 323 647 379 desinat
656 324 709 379 ira:

101 400 210 471 simque
220 415 269 472 ago
278 398 397 453 tristitiae
405 415 500 453 caussa
509 399 658 472 modusque
666 407 736 455 tuae.
842 412 867 456 aa

64 476 119 530 Noc
129 475 178 531 tibi
189 481 267 546 turpe
275 481 340 545 puta
348 473 473 545 precibus
483 475 656 533 succumbere
666 475 778 532 nostris;

102 549 226 623 coniugis
236 547 350 612 Oenides
358 563 453 605 versus
463 549 491 604 in
501 562 575 603 arma
585 566 661 620 prece
670 557 718 606 ast.

63 626 118 680 Res
128 624 217 680 audita
226 624 305 690 mihi,
317 631 378 680 nota
387 624 499 679 esttibi:
520 623 647 678 iratribus
657 625 719 679 orba

103 699 211 756 devovit
221 699 275 755 nati
287 706 559 771 spemquecaputque
567 715 675 770 parens.

64 774 169 831 Bellum
180 782 248 830 erat:
269 774 315 828 ille
324 773 398 829 ferox
406 774 499 846 positis
509 774 618 828 secessit
626 773 660 828 ab
671 774 762 840 armis,
842 786 867 829 95

102 857 129 906 et
137 850 238 922 patriae
248 849 334 923 rigida
345 857 433 904 mente
443 867 476 904 ne
495 848 551 904 avit
560 866 647 920 opem.

65 925 125 982 Sola
136 926 227 981 virum
236 925 336 981 coniux
344 923 426 978 flexit.
446 867 559 980 Feiicior
569 923 628 979 ilia!

102 1008 130 1055 at
139 1017 199 1055 mea
207 1018 257 1072 pro
266 998 341 1054 nullo
349 999 466 1071 pondere
475 1000 556 1054 verba
565 999 674 1054 cadunt.

65 1078 119 1132 Nec
127 1082 218 1131 tamen
227 1075 367 1148 indignor:
389 1091 438 1129 nec
446 1091 490 1129 me
499 1092 548 1146 pro
557 1075 671 1148 coniuge
679 1075 760 1147 gessi,

101 1151 211 1223 saepius
221 1150 249 1205 in
259 1149 361 1205 domini
370 1166 447 1204 serva
457 1157 547 1205 vocata
556 1156 655 1204 torum.
828 1162 867 1204 roo

65 1228 107 1283 Mc
116 1225 259 1299 quaedam,
270 1224 390 1290 memini,
402 1225 539 1280 dominam
549 1225 653 1296 captiva
662 1224 785 1281 vocabat·

102 1301 225 1367 Servitia
236 1300 303 1367 dixi,
315 1300 431 1356 nominis
444 1299 519 1355 addis
529 1318 609 1356 onus.

65 1379 115 1433 Per
125 1384 216 1433 tamen
225 1393 286 1432 ossa
295 1375 356 1441 viri,
368 1376 457 1431 subito
465 1374 535 1431 malo
545 1382 611 1449 tecta
620 1373 750 1448 sepulcro,

102 1469 209 1526 semper
219 1450 326 1506 iudiciis
335 1468 395 1507 ossa
406 1450 521 1506 verenda
531 1451 608 1516 meis,

65 1545 168 1602 perquo
177 1528 259 1582 trium
269 1525 348 1582 fortes
358 1525 471 1591 animas,
483 1543 542 1580 mea
553 1526 675 1589 numina,
686 1524 807 1590 fratrum,
829 1538 866 1579 tm

101 1603 152 1676 qui
161 1605 230 1658 beno
237 1619 287 1673 pro
296 1601 390 1673 patria,
400 1618 462 1655 cum
472 1600 621 1673 patriaque,
634 1599 727 1666 iacent,

65 1676 819 1752 perquotuumnostrumquacaput‚quaeiunximusuna‚

102 1771 205 1827 perque
214 1760 274 1808 tuos
282 1769 369 1818 enses,
380 1752 485 1827 cognita
495 1751 546 1806 tela
555 1752 632 1818 mois,

66 1829 140 1886 nulla
149 1830 323 1904 Mycenaeum
333 1827 446 1884 sociasse
455 1827 555 1882 cubilia
565 1845 671 1882 mecum

102 1907 177 1960 iuro:
197 1903 330 1959 fallentem
339 1903 488 1958 deseruisse
496 1902 573 1959 velis.
828 1913 867 1955 111

65 1980 93 2036 Si
105 1980 155 2034 tibi
166 1996 240 2034 nunc
248 1978 349 2034 dicam:
369 1979 534 2044 Fortissime,
546 1986 575 2033 tu
586 1995 695 2050 quoque
704 1977 771 2042 iura,

102 2053 178 2110 nulia
187 2053 236 2109 tibi
247 2053 306 2109 sine
315 2071 358 2109 mo
367 2053 463 2127 gaudia
476 2051 556 2109 iacta:
578 2068 668 2128 nages.

65 2131 99 2187 At
107 2130 193 2185 Danai
203 2147 320 2185 moerere
328 2137 431 2201 putant.
453 2129 512 2182 Tibi
524 2128 623 2200 plectra
632 2136 788 2185 moventur:

104 2213 128 2261 te
138 2211 210 2260 tenet
219 2204 248 2260 in
258 2203 346 2276 tepido
355 2203 444 2258 mollis
455 2203 539 2258 amica
549 2204 621 2259 sinu.

64 2282 99 2336 Et
108 2281 131 2336 si
144 2281 208 2352 quis
216 2287 334 2352 quaerat,
345 2295 428 2352 quare
437 2296 558 2352 pugnare
567 2297 686 2335 recuses:
827 2291 866 2335 111

102 2374 196 2430 pugna
205 2363 295 2422 nocet3
310 2355 425 2409 citharae
435 2372 543 2425 noxque
552 2356 698 2424 Venusque
707 2352 811 2408 iuvant.

66 2431 162 2487 Tutius
172 2438 213 2486 est
222 2430 335 2486 iacuisse
344 2438 409 2494 toro,
424 2431 542 2484 tenuisse
551 2428 678 2502 puellam,

103 2506 254 2562 Threiciam
264 2505 355 2578 digitis
365 2505 530 2576 increpuisse
540 2504 635 2578 lyram,

66 2600 149 2655 quam
160 2581 286 2637 manibus
299 2579 414 2656 clypeos,
429 2588 455 2637 et
464 2588 558 2638 acutae
565 2578 826 2657 cuspiffiisixastam„

99 2656 234 2729 etgaleam
239 2673 336 2728 pressa
344 2658 520 2719 sustinuisse
527 2679 621 2721 coma.
861 2657 911 2700 m
