<?xml version="1.0" encoding="UTF-8"?>
<!DOCTYPE html PUBLIC "-//W3C//DTD XHTML 1.0 Transitional//EN"
    "http://www.w3.org/TR/xhtml1/DTD/xhtml1-transitional.dtd">
<html xmlns="http://www.w3.org/1999/xhtml" xml:lang="en" lang="en">
 <head>
  <title>
</title>
<meta http-equiv="Content-Type" content="text/html;charset=utf-8" />
  <meta name='ocr-system' content='tesseract 3.04.00' />
  <meta name='ocr-capabilities' content='ocr_page ocr_carea ocr_par ocr_line ocrx_word'/>
</head>
<body>
  <div class='ocr_page' id='page_1' title='image "./operaomnia01ovidgoog/operaomnia01ovidgoog_0100.png"; bbox 0 0 1868 2962; ppageno 0'>
   <div class='ocr_carea' id='block_1_1' title="bbox 241 136 803 227">
    <p class='ocr_par' dir='ltr' id='par_1_1' title="bbox 241 136 803 227">
     <span class='ocr_line' id='line_1_1' title="bbox 241 136 803 227; baseline 0.004 -3"><span class='ocrx_word' id='word_1_1' title='bbox 241 136 447 225; x_wconf 68' lang='lat' dir='ltr'>nenomss&#39;.</span> <span class='ocrx_word' id='word_1_2' title='bbox 475 178 621 227; x_wconf 68' lang='lat' dir='ltr'>sem.</span> <span class='ocrx_word' id='word_1_3' title='bbox 770 174 803 226; x_wconf 79' lang='lat' dir='ltr'>ee</span> 
     </span>
    </p>
   </div>
   <div class='ocr_carea' id='block_1_2' title="bbox 10 276 859 2680">
    <p class='ocr_par' dir='ltr' id='par_1_2' title="bbox 10 276 859 2680">
     <span class='ocr_line' id='line_1_2' title="bbox 61 276 803 352; baseline 0.001 -19"><span class='ocrx_word' id='word_1_4' title='bbox 61 277 121 334; x_wconf 81' lang='lat' dir='ltr'>Plus</span> <span class='ocrx_word' id='word_1_5' title='bbox 132 276 219 334; x_wconf 78' lang='lat' dir='ltr'><strong>multe</strong></span> <span class='ocrx_word' id='word_1_6' title='bbox 227 286 281 346; x_wconf 79' lang='lat' dir='ltr'>est,</span> <span class='ocrx_word' id='word_1_7' title='bbox 304 278 377 352; x_wconf 88' lang='lat' dir='ltr'>quod</span> <span class='ocrx_word' id='word_1_8' title='bbox 386 296 474 350; x_wconf 82' lang='lat' dir='ltr'>amas3</span> <span class='ocrx_word' id='word_1_9' title='bbox 495 280 567 352; x_wconf 87' lang='lat' dir='ltr'>quod</span> <span class='ocrx_word' id='word_1_10' title='bbox 580 296 640 335; x_wconf 91' lang='lat' dir='ltr'>sum</span> <span class='ocrx_word' id='word_1_11' title='bbox 652 279 700 335; x_wconf 83' lang='lat' dir='ltr'>tibi</span> <span class='ocrx_word' id='word_1_12' title='bbox 710 296 803 334; x_wconf 82' lang='lat' dir='ltr'>caussa</span> 
     </span>
     <span class='ocr_line' id='line_1_3' title="bbox 35 354 700 424; baseline 0 -16"><span class='ocrx_word' id='word_1_13' title='bbox 35 384 38 391; x_wconf 89' lang='lat'>·</span> <span class='ocrx_word' id='word_1_14' title='bbox 589 354 700 424; x_wconf 81' lang='lat' dir='ltr'>laboris3</span> 
     </span>
     <span class='ocr_line' id='line_1_4' title="bbox 10 427 708 504; baseline 0.001 -20"><span class='ocrx_word' id='word_1_15' title='bbox 10 450 12 461; x_wconf 91' lang='lat'>·</span> <span class='ocrx_word' id='word_1_16' title='bbox 93 428 170 502; x_wconf 89' lang='lat' dir='ltr'><strong>quod</strong></span> <span class='ocrx_word' id='word_1_17' title='bbox 178 446 225 501; x_wconf 87' lang='lat' dir='ltr'>per</span> <span class='ocrx_word' id='word_1_18' title='bbox 233 435 286 483; x_wconf 76' lang='lat' dir='ltr'>tam</span> <span class='ocrx_word' id='word_1_19' title='bbox 296 427 390 504; x_wconf 79' lang='lat' dir='ltr'>longas</span> <span class='ocrx_word' id='word_1_20' title='bbox 404 446 465 501; x_wconf 87' lang='lat' dir='ltr'>spes</span> <span class='ocrx_word' id='word_1_21' title='bbox 475 436 521 484; x_wconf 80' lang='lat' dir='ltr'>tua</span> <span class='ocrx_word' id='word_1_22' title='bbox 533 429 605 484; x_wconf 84' lang='lat' dir='ltr'>venit</span> <span class='ocrx_word' id='word_1_23' title='bbox 615 448 708 502; x_wconf 82' lang='lat' dir='ltr'>aquas.</span> 
     </span>
     <span class='ocr_line' id='line_1_5' title="bbox 60 503 801 578; baseline 0.007 -20"><span class='ocrx_word' id='word_1_24' title='bbox 60 503 104 559; x_wconf 82' lang='lat' dir='ltr'>ssis</span> <span class='ocrx_word' id='word_1_25' title='bbox 121 521 245 577; x_wconf 86' lang='lat' dir='ltr'>quoque,</span> <span class='ocrx_word' id='word_1_26' title='bbox 277 504 397 577; x_wconf 74' lang='lat' dir='ltr'>apposita</span> <span class='ocrx_word' id='word_1_27' title='bbox 407 522 482 578; x_wconf 73' lang='lat' dir='ltr'><strong>quae</strong></span> <span class='ocrx_word' id='word_1_28' title='bbox 499 521 572 560; x_wconf 84' lang='lat' dir='ltr'><strong>nunc</strong></span> <span class='ocrx_word' id='word_1_29' title='bbox 587 503 652 561; x_wconf 84' lang='lat' dir='ltr'>facis</span> <span class='ocrx_word' id='word_1_30' title='bbox 672 505 801 578; x_wconf 79' lang='lat' dir='ltr'>improbe,</span> 
     </span>
     <span class='ocr_line' id='line_1_6' title="bbox 591 594 857 646; baseline 0.011 -13"><span class='ocrx_word' id='word_1_31' title='bbox 591 595 693 646; x_wconf 82' lang='lat' dir='ltr'>mensa,</span> <span class='ocrx_word' id='word_1_32' title='bbox 831 594 857 636; x_wconf 73' lang='lat'>75</span> 
     </span>
     <span class='ocr_line' id='line_1_7' title="bbox 94 653 633 728; baseline 0.002 -19"><span class='ocrx_word' id='word_1_33' title='bbox 94 653 222 728; x_wconf 81' lang='lat' dir='ltr'>quamvis</span> <span class='ocrx_word' id='word_1_34' title='bbox 232 653 353 726; x_wconf 79' lang='lat' dir='ltr'>expeiiar</span> <span class='ocrx_word' id='word_1_35' title='bbox 362 653 541 720; x_wconf 86' lang='lat' dir='ltr'>dissimulare,</span> <span class='ocrx_word' id='word_1_36' title='bbox 557 662 633 723; x_wconf 79' lang='lat' dir='ltr'>n0t03</span> 
     </span>
     <span class='ocr_line' id='line_1_8' title="bbox 58 727 787 803; baseline -0.001 -18"><span class='ocrx_word' id='word_1_37' title='bbox 58 747 146 803; x_wconf 89' lang='lat' dir='ltr'><strong>quum</strong></span> <span class='ocrx_word' id='word_1_38' title='bbox 156 728 235 785; x_wconf 86' lang='lat' dir='ltr'><strong>modo</strong></span> <span class='ocrx_word' id='word_1_39' title='bbox 243 747 287 785; x_wconf 86' lang='lat' dir='ltr'>me</span> <span class='ocrx_word' id='word_1_40' title='bbox 295 737 398 802; x_wconf 79' lang='lat' dir='ltr'>spectas</span> <span class='ocrx_word' id='word_1_41' title='bbox 407 727 507 795; x_wconf 82' lang='lat' dir='ltr'>oculis,</span> <span class='ocrx_word' id='word_1_42' title='bbox 524 728 630 795; x_wconf 83' lang='lat' dir='ltr'>lascive,</span> <span class='ocrx_word' id='word_1_43' title='bbox 646 732 787 801; x_wconf 79' lang='lat' dir='ltr'>protervis3</span> 
     </span>
     <span class='ocr_line' id='line_1_9' title="bbox 95 803 684 877; baseline -0.003 -16"><span class='ocrx_word' id='word_1_44' title='bbox 95 822 165 877; x_wconf 87' lang='lat' dir='ltr'>quos</span> <span class='ocrx_word' id='word_1_45' title='bbox 174 804 222 861; x_wconf 85' lang='lat' dir='ltr'>vix</span> <span class='ocrx_word' id='word_1_46' title='bbox 231 805 360 860; x_wconf 79' lang='lat' dir='ltr'>instantes</span> <span class='ocrx_word' id='word_1_47' title='bbox 370 803 473 860; x_wconf 83' lang='lat' dir='ltr'>lumina</span> <span class='ocrx_word' id='word_1_48' title='bbox 483 813 571 860; x_wconf 83' lang='lat' dir='ltr'>nostra</span> <span class='ocrx_word' id='word_1_49' title='bbox 582 805 684 860; x_wconf 85' lang='lat' dir='ltr'><strong>ferunt:</strong></span> 
     </span>
     <span class='ocr_line' id='line_1_10' title="bbox 59 878 730 953; baseline -0.001 -18"><span class='ocrx_word' id='word_1_50' title='bbox 59 889 84 935; x_wconf 80' lang='lat' dir='ltr'>et</span> <span class='ocrx_word' id='word_1_51' title='bbox 94 879 175 937; x_wconf 86' lang='lat' dir='ltr'><strong>modo</strong></span> <span class='ocrx_word' id='word_1_52' title='bbox 183 880 315 953; x_wconf 76' lang='lat' dir='ltr'>suspiras,</span> <span class='ocrx_word' id='word_1_53' title='bbox 328 880 408 936; x_wconf 89' lang='lat' dir='ltr'><strong>modo</strong></span> <span class='ocrx_word' id='word_1_54' title='bbox 417 878 512 952; x_wconf 85' lang='lat' dir='ltr'>pocula</span> <span class='ocrx_word' id='word_1_55' title='bbox 520 881 643 952; x_wconf 81' lang='lat' dir='ltr'>proxima</span> <span class='ocrx_word' id='word_1_56' title='bbox 652 880 730 936; x_wconf 85' lang='lat' dir='ltr'>nohis</span> 
     </span>
     <span class='ocr_line' id='line_1_11' title="bbox 94 955 858 1028; baseline -0.001 -17"><span class='ocrx_word' id='word_1_57' title='bbox 94 955 196 1025; x_wconf 72' lang='lat' dir='ltr'>sum&#39;u3</span> <span class='ocrx_word' id='word_1_58' title='bbox 217 955 399 1028; x_wconf 83' lang='lat' dir='ltr'>quaquebibi,</span> <span class='ocrx_word' id='word_1_59' title='bbox 415 956 736 1028; x_wconf 81' lang='lat' dir='ltr'>tuquoquepartehibis.</span> <span class='ocrx_word' id='word_1_60' title='bbox 833 968 858 1010; x_wconf 80' lang='lat'>8⁰</span> 
     </span>
     <span class='ocr_line' id='line_1_12' title="bbox 59 1030 675 1105; baseline 0.002 -19"><span class='ocrx_word' id='word_1_61' title='bbox 59 1030 99 1086; x_wconf 77' lang='lat' dir='ltr'>Ah</span> <span class='ocrx_word' id='word_1_62' title='bbox 110 1030 215 1103; x_wconf 83' lang='lat' dir='ltr'>quoties</span> <span class='ocrx_word' id='word_1_63' title='bbox 225 1030 325 1105; x_wconf 79' lang='lat' dir='ltr'>digitis,</span> <span class='ocrx_word' id='word_1_64' title='bbox 340 1030 444 1103; x_wconf 85' lang='lat' dir='ltr'>quoties</span> <span class='ocrx_word' id='word_1_65' title='bbox 453 1048 502 1104; x_wconf 79' lang='lat' dir='ltr'>ego</span> <span class='ocrx_word' id='word_1_66' title='bbox 511 1038 576 1086; x_wconf 79' lang='lat' dir='ltr'><strong>tecta</strong></span> <span class='ocrx_word' id='word_1_67' title='bbox 587 1033 675 1087; x_wconf 68' lang='lat' dir='ltr'>notavi</span> 
     </span>
     <span class='ocr_line' id='line_1_13' title="bbox 95 1104 633 1181; baseline 0.002 -21"><span class='ocrx_word' id='word_1_68' title='bbox 95 1107 173 1181; x_wconf 79' lang='lat' dir='ltr'>signs</span> <span class='ocrx_word' id='word_1_69' title='bbox 183 1104 325 1179; x_wconf 77' lang='lat' dir='ltr'>supercilio</span> <span class='ocrx_word' id='word_1_70' title='bbox 334 1123 417 1178; x_wconf 80' lang='lat' dir='ltr'><strong>paene</strong></span> <span class='ocrx_word' id='word_1_71' title='bbox 430 1104 553 1177; x_wconf 84' lang='lat' dir='ltr'>loquente</span> <span class='ocrx_word' id='word_1_72' title='bbox 562 1105 633 1161; x_wconf 81' lang='lat' dir='ltr'>darii</span> 
     </span>
     <span class='ocr_line' id='line_1_14' title="bbox 59 1179 667 1253; baseline 0 -17"><span class='ocrx_word' id='word_1_73' title='bbox 59 1190 83 1236; x_wconf 80' lang='lat' dir='ltr'>et</span> <span class='ocrx_word' id='word_1_74' title='bbox 91 1198 171 1253; x_wconf 81' lang='lat' dir='ltr'><strong>saepe</strong></span> <span class='ocrx_word' id='word_1_75' title='bbox 179 1181 302 1246; x_wconf 86' lang='lat' dir='ltr'>extimui,</span> <span class='ocrx_word' id='word_1_76' title='bbox 318 1198 351 1235; x_wconf 86' lang='lat' dir='ltr'>ne</span> <span class='ocrx_word' id='word_1_77' title='bbox 360 1181 403 1236; x_wconf 85' lang='lat' dir='ltr'>vir</span> <span class='ocrx_word' id='word_1_78' title='bbox 412 1198 488 1235; x_wconf 89' lang='lat' dir='ltr'>meus</span> <span class='ocrx_word' id='word_1_79' title='bbox 498 1179 543 1234; x_wconf 85' lang='lat' dir='ltr'>illa</span> <span class='ocrx_word' id='word_1_80' title='bbox 554 1180 667 1237; x_wconf 83' lang='lat' dir='ltr'><strong>videret:</strong></span> 
     </span>
     <span class='ocr_line' id='line_1_15' title="bbox 96 1255 592 1327; baseline -0.002 -16"><span class='ocrx_word' id='word_1_81' title='bbox 96 1273 151 1312; x_wconf 88' lang='lat' dir='ltr'>non</span> <span class='ocrx_word' id='word_1_82' title='bbox 161 1255 226 1311; x_wconf 81' lang='lat' dir='ltr'>satis</span> <span class='ocrx_word' id='word_1_83' title='bbox 235 1255 345 1312; x_wconf 73' lang='lat' dir='ltr'>occultis</span> <span class='ocrx_word' id='word_1_84' title='bbox 354 1256 504 1327; x_wconf 89' lang='lat' dir='ltr'><strong>erubuique</strong></span> <span class='ocrx_word' id='word_1_85' title='bbox 513 1256 592 1311; x_wconf 85' lang='lat' dir='ltr'>notis.</span> 
     </span>
     <span class='ocr_line' id='line_1_16' title="bbox 59 1329 857 1405; baseline -0.006 -15"><span class='ocrx_word' id='word_1_86' title='bbox 59 1329 142 1402; x_wconf 62' lang='lat' dir='ltr'><strong>&amp;epe</strong></span> <span class='ocrx_word' id='word_1_87' title='bbox 151 1329 195 1385; x_wconf 83' lang='lat' dir='ltr'>vel</span> <span class='ocrx_word' id='word_1_88' title='bbox 206 1331 312 1405; x_wconf 80' lang='lat' dir='ltr'>exiguo,</span> <span class='ocrx_word' id='word_1_89' title='bbox 333 1329 375 1387; x_wconf 83' lang='lat' dir='ltr'>vel</span> <span class='ocrx_word' id='word_1_90' title='bbox 385 1329 460 1386; x_wconf 91' lang='lat' dir='ltr'><strong>nullo</strong></span> <span class='ocrx_word' id='word_1_91' title='bbox 470 1348 617 1397; x_wconf 80' lang='lat' dir='ltr'>murmure,</span> <span class='ocrx_word' id='word_1_92' title='bbox 632 1331 698 1396; x_wconf 83' lang='lat' dir='ltr'>dixi,</span> <span class='ocrx_word' id='word_1_93' title='bbox 833 1343 857 1385; x_wconf 80' lang='lat'>85</span> 
     </span>
     <span class='ocr_line' id='line_1_17' title="bbox 96 1404 748 1478; baseline 0.002 -17"><span class='ocrx_word' id='word_1_94' title='bbox 96 1404 141 1461; x_wconf 93' lang='lat' dir='ltr'>Nil</span> <span class='ocrx_word' id='word_1_95' title='bbox 149 1405 233 1478; x_wconf 75' lang='lat' dir='ltr'><strong>pudet</strong></span> <span class='ocrx_word' id='word_1_96' title='bbox 244 1406 332 1461; x_wconf 86' lang='lat' dir='ltr'><strong>hunc:</strong></span> <span class='ocrx_word' id='word_1_97' title='bbox 348 1423 397 1460; x_wconf 84' lang='lat' dir='ltr'>uec</span> <span class='ocrx_word' id='word_1_98' title='bbox 407 1423 461 1461; x_wconf 77' lang='lat' dir='ltr'>vox</span> <span class='ocrx_word' id='word_1_99' title='bbox 470 1406 534 1460; x_wconf 86' lang='lat' dir='ltr'><strong>haec</strong></span> <span class='ocrx_word' id='word_1_100' title='bbox 544 1424 603 1461; x_wconf 83' lang='lat' dir='ltr'>mea</span> <span class='ocrx_word' id='word_1_101' title='bbox 612 1406 677 1461; x_wconf 79' lang='lat' dir='ltr'>feisa</span> <span class='ocrx_word' id='word_1_102' title='bbox 689 1406 748 1462; x_wconf 84' lang='lat' dir='ltr'>fuit.</span> 
     </span>
     <span class='ocr_line' id='line_1_18' title="bbox 60 1479 756 1554; baseline 0 -18"><span class='ocrx_word' id='word_1_103' title='bbox 60 1479 131 1537; x_wconf 84' lang='lat' dir='ltr'><strong>Orbe</strong></span> <span class='ocrx_word' id='word_1_104' title='bbox 140 1498 250 1554; x_wconf 83' lang='lat' dir='ltr'><strong>quoque</strong></span> <span class='ocrx_word' id='word_1_105' title='bbox 258 1480 287 1536; x_wconf 87' lang='lat' dir='ltr'>in</span> <span class='ocrx_word' id='word_1_106' title='bbox 297 1498 404 1535; x_wconf 79' lang='lat' dir='ltr'><strong>mensae</strong></span> <span class='ocrx_word' id='word_1_107' title='bbox 413 1479 464 1554; x_wconf 80' lang='lat' dir='ltr'>legi</span> <span class='ocrx_word' id='word_1_108' title='bbox 474 1481 527 1535; x_wconf 88' lang='lat' dir='ltr'>sub</span> <span class='ocrx_word' id='word_1_109' title='bbox 537 1482 645 1536; x_wconf 88' lang='lat' dir='ltr'><strong>nomine</strong></span> <span class='ocrx_word' id='word_1_110' title='bbox 657 1490 756 1547; x_wconf 80' lang='lat' dir='ltr'>nostro,</span> 
     </span>
     <span class='ocr_line' id='line_1_19' title="bbox 96 1554 611 1628; baseline -0.002 -17"><span class='ocrx_word' id='word_1_111' title='bbox 96 1554 170 1628; x_wconf 89' lang='lat' dir='ltr'><strong>quod</strong></span> <span class='ocrx_word' id='word_1_112' title='bbox 180 1555 292 1611; x_wconf 82' lang='lat' dir='ltr'><strong>deducta</strong></span> <span class='ocrx_word' id='word_1_113' title='bbox 301 1573 374 1610; x_wconf 88' lang='lat' dir='ltr'><strong>mero</strong></span> <span class='ocrx_word' id='word_1_114' title='bbox 384 1554 458 1609; x_wconf 82' lang='lat' dir='ltr'><strong>litera</strong></span> <span class='ocrx_word' id='word_1_115' title='bbox 468 1554 537 1621; x_wconf 86' lang='lat' dir='ltr'>fecit,</span> <span class='ocrx_word' id='word_1_116' title='bbox 552 1574 611 1612; x_wconf 76' lang='lat' dir='ltr'>suo.</span> 
     </span>
     <span class='ocr_line' id='line_1_20' title="bbox 60 1628 718 1706; baseline 0 -20"><span class='ocrx_word' id='word_1_117' title='bbox 60 1629 172 1687; x_wconf 83' lang='lat' dir='ltr'><strong>Credere</strong></span> <span class='ocrx_word' id='word_1_118' title='bbox 182 1647 225 1685; x_wconf 88' lang='lat' dir='ltr'>me</span> <span class='ocrx_word' id='word_1_119' title='bbox 235 1637 322 1686; x_wconf 81' lang='lat' dir='ltr'><strong>tamen</strong></span> <span class='ocrx_word' id='word_1_120' title='bbox 333 1630 383 1686; x_wconf 81' lang='lat' dir='ltr'>hoe</span> <span class='ocrx_word' id='word_1_121' title='bbox 391 1628 468 1686; x_wconf 86' lang='lat' dir='ltr'>oculo</span> <span class='ocrx_word' id='word_1_122' title='bbox 477 1639 604 1686; x_wconf 80' lang='lat' dir='ltr'><strong>renuente</strong></span> <span class='ocrx_word' id='word_1_123' title='bbox 614 1631 718 1706; x_wconf 77' lang='lat' dir='ltr'>negavi.</span> 
     </span>
     <span class='ocr_line' id='line_1_21' title="bbox 96 1705 858 1780; baseline 0.001 -20"><span class='ocrx_word' id='word_1_124' title='bbox 96 1705 146 1760; x_wconf 83' lang='lat' dir='ltr'>Hei</span> <span class='ocrx_word' id='word_1_125' title='bbox 155 1705 237 1760; x_wconf 82' lang='lat' dir='ltr'>mihi!</span> <span class='ocrx_word' id='word_1_126' title='bbox 258 1705 402 1762; x_wconf 80' lang='lat' dir='ltr'>iamdidici</span> <span class='ocrx_word' id='word_1_127' title='bbox 414 1706 453 1760; x_wconf 81' lang='lat' dir='ltr'>sic</span> <span class='ocrx_word' id='word_1_128' title='bbox 462 1723 570 1778; x_wconf 89' lang='lat' dir='ltr'><strong>quoque</strong></span> <span class='ocrx_word' id='word_1_129' title='bbox 578 1724 657 1778; x_wconf 85' lang='lat' dir='ltr'>posse</span> <span class='ocrx_word' id='word_1_130' title='bbox 671 1705 753 1780; x_wconf 89' lang='lat' dir='ltr'>loqui.</span> <span class='ocrx_word' id='word_1_131' title='bbox 834 1721 858 1762; x_wconf 74' lang='lat' dir='ltr'>eo</span> 
     </span>
     <span class='ocr_line' id='line_1_22' title="bbox 59 1778 639 1855; baseline 0.003 -20"><span class='ocrx_word' id='word_1_132' title='bbox 59 1781 107 1835; x_wconf 87' lang='lat' dir='ltr'>His</span> <span class='ocrx_word' id='word_1_133' title='bbox 119 1797 169 1855; x_wconf 80' lang='lat' dir='ltr'>ego</span> <span class='ocrx_word' id='word_1_134' title='bbox 178 1778 324 1847; x_wconf 82' lang='lat' dir='ltr'>blanditiis,</span> <span class='ocrx_word' id='word_1_135' title='bbox 338 1781 362 1836; x_wconf 90' lang='lat' dir='ltr'>si</span> <span class='ocrx_word' id='word_1_136' title='bbox 371 1788 509 1853; x_wconf 76' lang='lat' dir='ltr'><strong>peecatum</strong></span> <span class='ocrx_word' id='word_1_137' title='bbox 518 1781 639 1849; x_wconf 82' lang='lat' dir='ltr'>fuissem,</span> 
     </span>
     <span class='ocr_line' id='line_1_23' title="bbox 96 1853 709 1930; baseline 0.002 -19"><span class='ocrx_word' id='word_1_138' title='bbox 96 1853 227 1912; x_wconf 74' lang='lat' dir='ltr'><strong>flecteres:</strong></span> <span class='ocrx_word' id='word_1_139' title='bbox 248 1855 291 1910; x_wconf 90' lang='lat' dir='ltr'>his</span> <span class='ocrx_word' id='word_1_140' title='bbox 301 1863 420 1928; x_wconf 83' lang='lat' dir='ltr'><strong>poterant</strong></span> <span class='ocrx_word' id='word_1_141' title='bbox 428 1865 532 1928; x_wconf 82' lang='lat' dir='ltr'><strong>pectora</strong></span> <span class='ocrx_word' id='word_1_142' title='bbox 542 1865 630 1913; x_wconf 80' lang='lat' dir='ltr'>nostra</span> <span class='ocrx_word' id='word_1_143' title='bbox 641 1858 709 1930; x_wconf 84' lang='lat' dir='ltr'>capi.</span> 
     </span>
     <span class='ocr_line' id='line_1_24' title="bbox 59 1930 776 2007; baseline 0.003 -21"><span class='ocrx_word' id='word_1_144' title='bbox 59 1931 235 2004; x_wconf 77' lang='lat' dir='ltr'>Estquoque,</span> <span class='ocrx_word' id='word_1_145' title='bbox 249 1932 383 1997; x_wconf 74' lang='lat' dir='ltr'>confiteor,</span> <span class='ocrx_word' id='word_1_146' title='bbox 397 1930 477 1986; x_wconf 84' lang='lat' dir='ltr'>facies</span> <span class='ocrx_word' id='word_1_147' title='bbox 487 1932 535 1986; x_wconf 83' lang='lat' dir='ltr'>tihi</span> <span class='ocrx_word' id='word_1_148' title='bbox 545 1951 618 1988; x_wconf 83' lang='lat' dir='ltr'>rara:</span> <span class='ocrx_word' id='word_1_149' title='bbox 638 1941 776 2007; x_wconf 73' lang='lat' dir='ltr'><strong>potestque</strong></span> 
     </span>
     <span class='ocr_line' id='line_1_25' title="bbox 98 2004 602 2079; baseline 0.008 -19"><span class='ocrx_word' id='word_1_150' title='bbox 98 2004 167 2062; x_wconf 83' lang='lat' dir='ltr'><strong>velle</strong></span> <span class='ocrx_word' id='word_1_151' title='bbox 175 2007 228 2063; x_wconf 86' lang='lat' dir='ltr'>suh</span> <span class='ocrx_word' id='word_1_152' title='bbox 238 2005 377 2079; x_wconf 76' lang='lat' dir='ltr'>amplexus</span> <span class='ocrx_word' id='word_1_153' title='bbox 387 2006 425 2061; x_wconf 87' lang='lat' dir='ltr'>ire</span> <span class='ocrx_word' id='word_1_154' title='bbox 433 2005 521 2078; x_wconf 81' lang='lat' dir='ltr'><strong>puella</strong></span> <span class='ocrx_word' id='word_1_155' title='bbox 533 2014 602 2064; x_wconf 87' lang='lat' dir='ltr'>tuos.</span> 
     </span>
     <span class='ocr_line' id='line_1_26' title="bbox 60 2080 858 2154; baseline -0.001 -17"><span class='ocrx_word' id='word_1_156' title='bbox 60 2080 150 2137; x_wconf 67' lang='lat' dir='ltr'><strong>Altera</strong></span> <span class='ocrx_word' id='word_1_157' title='bbox 159 2080 208 2137; x_wconf 81' lang='lat' dir='ltr'>sed</span> <span class='ocrx_word' id='word_1_158' title='bbox 215 2082 305 2154; x_wconf 77' lang='lat' dir='ltr'>potius</span> <span class='ocrx_word' id='word_1_159' title='bbox 315 2080 379 2138; x_wconf 84' lang='lat' dir='ltr'><strong>felix</strong></span> <span class='ocrx_word' id='word_1_160' title='bbox 388 2081 447 2136; x_wconf 85' lang='lat' dir='ltr'>sine</span> <span class='ocrx_word' id='word_1_161' title='bbox 456 2081 568 2138; x_wconf 85' lang='lat' dir='ltr'>erimine</span> <span class='ocrx_word' id='word_1_162' title='bbox 580 2084 634 2150; x_wconf 83' lang='lat' dir='ltr'>fiat,</span> <span class='ocrx_word' id='word_1_163' title='bbox 833 2094 858 2136; x_wconf 76' lang='lat'>95</span> 
     </span>
     <span class='ocr_line' id='line_1_27' title="bbox 97 2155 681 2231; baseline 0.002 -19"><span class='ocrx_word' id='word_1_164' title='bbox 97 2155 382 2229; x_wconf 77' lang='lat' dir='ltr'>qusmesdstsxterno</span> <span class='ocrx_word' id='word_1_165' title='bbox 391 2163 480 2212; x_wconf 85' lang='lat' dir='ltr'>noster</span> <span class='ocrx_word' id='word_1_166' title='bbox 489 2176 577 2214; x_wconf 84' lang='lat' dir='ltr'><strong>amore</strong></span> <span class='ocrx_word' id='word_1_167' title='bbox 586 2159 681 2231; x_wconf 83' lang='lat' dir='ltr'>pudor.</span> 
     </span>
     <span class='ocr_line' id='line_1_28' title="bbox 60 2231 679 2306; baseline 0 -19"><span class='ocrx_word' id='word_1_168' title='bbox 60 2232 139 2287; x_wconf 81' lang='lat' dir='ltr'>Disee</span> <span class='ocrx_word' id='word_1_169' title='bbox 147 2248 207 2287; x_wconf 85' lang='lat' dir='ltr'>meo</span> <span class='ocrx_word' id='word_1_170' title='bbox 216 2231 346 2304; x_wconf 84' lang='lat' dir='ltr'><strong>exemplo,</strong></span> <span class='ocrx_word' id='word_1_171' title='bbox 361 2231 484 2288; x_wconf 77' lang='lat' dir='ltr'>formosis</span> <span class='ocrx_word' id='word_1_172' title='bbox 497 2252 574 2306; x_wconf 89' lang='lat' dir='ltr'>posse</span> <span class='ocrx_word' id='word_1_173' title='bbox 582 2252 679 2289; x_wconf 85' lang='lat' dir='ltr'><strong>carere.</strong></span> 
     </span>
     <span class='ocr_line' id='line_1_29' title="bbox 98 2305 628 2379; baseline 0.002 -17"><span class='ocrx_word' id='word_1_174' title='bbox 98 2305 358 2379; x_wconf 79' lang='lat' dir='ltr'>Estvirtusplacitis</span> <span class='ocrx_word' id='word_1_175' title='bbox 367 2307 530 2364; x_wconf 76' lang='lat' dir='ltr'>abstinuisse</span> <span class='ocrx_word' id='word_1_176' title='bbox 539 2310 628 2366; x_wconf 91' lang='lat' dir='ltr'>bonis.</span> 
     </span>
     <span class='ocr_line' id='line_1_30' title="bbox 60 2380 768 2456; baseline -0.003 -19"><span class='ocrx_word' id='word_1_177' title='bbox 60 2380 150 2450; x_wconf 83' lang='lat' dir='ltr'><strong>Quam</strong></span> <span class='ocrx_word' id='word_1_178' title='bbox 160 2381 259 2438; x_wconf 78' lang='lat' dir='ltr'>multos</span> <span class='ocrx_word' id='word_1_179' title='bbox 268 2381 353 2438; x_wconf 84' lang='lat' dir='ltr'>credis</span> <span class='ocrx_word' id='word_1_180' title='bbox 362 2381 473 2438; x_wconf 85' lang='lat' dir='ltr'>iuvenes</span> <span class='ocrx_word' id='word_1_181' title='bbox 481 2392 580 2456; x_wconf 77' lang='lat' dir='ltr'>optare,</span> <span class='ocrx_word' id='word_1_182' title='bbox 595 2380 768 2456; x_wconf 78' lang='lat' dir='ltr'>quodoptss‘?</span> 
     </span>
     <span class='ocr_line' id='line_1_31' title="bbox 99 2455 859 2530; baseline -0.001 -18"><span class='ocrx_word' id='word_1_183' title='bbox 99 2456 153 2525; x_wconf 83' lang='lat' dir='ltr'>Qui</span> <span class='ocrx_word' id='word_1_184' title='bbox 163 2457 277 2530; x_wconf 76' lang='lat' dir='ltr'>sepiant,</span> <span class='ocrx_word' id='word_1_185' title='bbox 291 2457 426 2514; x_wconf 77' lang='lat' dir='ltr'>oculosan</span> <span class='ocrx_word' id='word_1_186' title='bbox 438 2459 513 2514; x_wconf 84' lang='lat' dir='ltr'>Paris</span> <span class='ocrx_word' id='word_1_187' title='bbox 523 2478 595 2514; x_wconf 86' lang='lat' dir='ltr'>unus</span> <span class='ocrx_word' id='word_1_188' title='bbox 605 2455 704 2512; x_wconf 81' lang='lat' dir='ltr'><strong>habet‘?</strong></span> <span class='ocrx_word' id='word_1_189' title='bbox 820 2470 859 2511; x_wconf 75' lang='lat' dir='ltr'>wo</span> 
     </span>
     <span class='ocr_line' id='line_1_32' title="bbox 61 2530 749 2604; baseline 0 -16"><span class='ocrx_word' id='word_1_190' title='bbox 61 2534 122 2590; x_wconf 88' lang='lat' dir='ltr'>Non</span> <span class='ocrx_word' id='word_1_191' title='bbox 133 2539 163 2588; x_wconf 78' lang='lat' dir='ltr'>tu</span> <span class='ocrx_word' id='word_1_192' title='bbox 194 2531 238 2589; x_wconf 91' lang='lat' dir='ltr'>lus</span> <span class='ocrx_word' id='word_1_193' title='bbox 247 2532 344 2598; x_wconf 76' lang='lat' dir='ltr'>cernis,</span> <span class='ocrx_word' id='word_1_194' title='bbox 359 2532 406 2588; x_wconf 85' lang='lat' dir='ltr'>sed</span> <span class='ocrx_word' id='word_1_195' title='bbox 414 2532 478 2604; x_wconf 91' lang='lat' dir='ltr'>plus</span> <span class='ocrx_word' id='word_1_196' title='bbox 489 2532 644 2589; x_wconf 80' lang='lat' dir='ltr'>temerarius</span> <span class='ocrx_word' id='word_1_197' title='bbox 654 2530 749 2588; x_wconf 78' lang='lat' dir='ltr'><strong>audes:</strong></span> 
     </span>
     <span class='ocr_line' id='line_1_33' title="bbox 99 2606 742 2680; baseline 0.003 -17"><span class='ocrx_word' id='word_1_198' title='bbox 99 2623 151 2663; x_wconf 82' lang='lat' dir='ltr'>nse</span> <span class='ocrx_word' id='word_1_199' title='bbox 173 2607 179 2620; x_wconf 90' lang='grc'><strong>’</strong></span> <span class='ocrx_word' id='word_1_200' title='bbox 201 2606 281 2680; x_wconf 81' lang='lat' dir='ltr'>&#39;plus</span> <span class='ocrx_word' id='word_1_201' title='bbox 290 2607 390 2678; x_wconf 75' lang='lat' dir='ltr'>sordis,</span> <span class='ocrx_word' id='word_1_202' title='bbox 406 2607 742 2680; x_wconf 47' lang='lat' dir='ltr'>sedminusorisdxxesx.</span> 
     </span>
    </p>
   </div>
   <div class='ocr_carea' id='block_1_3' title="bbox 57 2681 663 2760">
    <p class='ocr_par' dir='ltr' id='par_1_3' title="bbox 57 2681 663 2760">
     <span class='ocr_line' id='line_1_34' title="bbox 57 2681 663 2760; baseline 0.023 -26"><span class='ocrx_word' id='word_1_203' title='bbox 57 2681 329 2755; x_wconf 72' lang='lat' dir='ltr'>Tuucegoeeveliem</span> <span class='ocrx_word' id='word_1_204' title='bbox 336 2683 419 2746; x_wconf 76' lang='lat' dir='ltr'>celeri</span> <span class='ocrx_word' id='word_1_205' title='bbox 428 2689 545 2749; x_wconf 82' lang='lat' dir='ltr'>venisse</span> <span class='ocrx_word' id='word_1_206' title='bbox 553 2687 663 2760; x_wconf 77' lang='lat' dir='ltr'>estius,</span> 
     </span>
    </p>
   </div>
   <div class='ocr_carea' id='block_1_4' title="bbox 0 0 938 2962">
    <p class='ocr_par' dir='ltr' id='par_1_4' title="bbox 0 0 938 2962">
     <span class='ocr_line' id='line_1_35' title="bbox 0 0 938 2962; baseline 0 0"><span class='ocrx_word' id='word_1_207' title='bbox 0 0 938 2962; x_wconf 95' lang='lat' dir='ltr'> </span> 
     </span>
    </p>
   </div>
  </div>
 </body>
</html>
