1868 2962
148 155 267 207 Annus
286 154 517 207 AMAToRIAu
536 160 608 206 LIB.
628 161 660 208 Π.
728 157 779 211 239

62 259 119 316 iam
129 257 237 315 venient
245 275 342 332 rugae,
362 257 489 330 quaetihi
498 275 595 332 eorpus
606 271 691 321 arant.

35 352 82 393 am
94 333 189 391 molire
197 334 330 399 animum,
351 333 400 405 qui
409 332 495 399 duret,
513 343 541 388 et
549 335 656 394 adstrue
665 338 775 398 formae.

63 410 146 468 Solus
155 409 189 466 ad
199 419 330 466 extremos
340 416 479 481 permanet
489 408 534 463 ille
544 427 631 485 rogos.
663 456 666 461 .
793 429 832 473 120

35 485 169 553 tentaris,
187 487 319 561 ingenuas
329 493 423 558 pentus
431 483 548 540 coluisse
556 502 604 558 per
613 496 691 558 artes,

63 580 129 619 nura
140 563 189 628 sit,
212 569 238 617 et
247 561 354 636 linguas
366 560 507 616 edidicisse
516 560 595 618 duas.

35 640 87 696 ion
96 637 232 694 formosus
241 646 310 703 erat,
330 636 379 692 sed
388 646 443 692 erat
452 635 586 693 facundus
596 637 701 696 Ulixes:

63 712 611 784 ettamenaequoreastnrsitamnredeas.
720 752 723 761 ι

35 788 69 846 th
79 790 185 862 quoties
195 788 274 844 illum
284 787 370 843 doluit
379 804 521 860 properare
530 787 659 864 Calypso;
794 805 832 848 125

64 865 233 939 remigioque
242 872 316 936 aptas
325 880 384 919 esse
394 863 502 937 negavit
513 866 612 936 aquas!

35 942 97 996 iaec
106 941 201 996 Troiae
209 956 288 995 casus
300 939 451 1011 iterumque
461 940 612 1013 iterumque
625 943 744 1017 rogabat.

64 1014 112 1071 llle
122 1014 218 1071 referre
228 1014 304 1070 aliter
314 1031 392 1086 saepe
402 1013 503 1070 solebat
512 1014 606 1088 idem„

35 1089 126 1148 Littore
135 1090 321 1147 constiterant:
343 1088 399 1144 illie
407 1106 516 1161 quoque
527 1089 640 1161 pulchra
649 1091 765 1166 Calypso

64 1167 149 1242 exigit
158 1165 267 1241 Odrysii
277 1164 330 1220 fata
340 1173 450 1220 cruenta
459 1163 546 1220 dunis.
680 1235 681 1238 Ἴ
793 1181 832 1224 130

35 1241 75 1299 iia
84 1241 137 1299 levi
148 1242 239 1316 virga,
259 1240 373 1329 (virgam
383 1257 446 1295 nam
456 1238 521 1296 forte
530 1239 655 1314 tenebat)

64 1317 139 1392 quod
151 1324 239 1391 rogat.
261 1335 289 1372 1n
300 1317 388 1388 spisso
397 1314 483 1371 littore
491 1316 666 1390 pingitopus.

35 1394 85 1461 iic,
106 1394 206 1466 inquit,
226 1392 304 1447 Troia
314 1399 367 1446 est:
388 1390 491 1465 (muros
500 1391 529 1446 in
540 1391 625 1447 littore
635 1391 720 1466 ἰωῆς)

64 1469 110 1524 hic
120 1469 168 1524 tibi
177 1469 213 1523 sit
221 1466 334 1523 Simois:
355 1467 421 1522 haee
430 1483 489 1520 mea
497 1474 582 1521 castra
591 1474 665 1538 puta.

35 1545 227 1616 Iampuserat‚
247 1542 383 1617 (eampum
393 1540 474 1614 feeit)
484 1557 566 1613 quem
576 1541 655 1597 naede
664 1542 772 1598 Dolonis
792 1555 831 1599 135

64 1619 230 1692 sparsimus,
251 1617 410 1674 Haemonios
419 1617 486 1671 dum
496 1615 563 1690 vigil
573 1624 645 1689 optat
654 1635 746 1691 equos.

35 1696 85 1752 [ltin
95 1694 210 1751 Sithonii
220 1693 325 1750 fuerant
334 1693 445 1749 tentoria
454 1692 549 1747 Rhesi:

64 1772 117 1826 hac
126 1788 176 1844 ego
185 1788 247 1825 sum
257 1769 341 1841 captis
351 1777 426 1825 nnete
438 1786 562 1824 reversus
573 1769 660 1842 equis.

35 1847 162 1918 :duraque
171 1845 312 1920 pingebat:
325 1845 432 1900 subitus
443 1861 529 1916 quum
539 1845 672 1918 Pergama·
678 1844 775 1900 fluctus

64 1920 189 1988 abstulit,
210 1929 236 1976 et
245 1920 327 1975 Rhesi
338 1937 401 1975 num
411 1919 479 1974 duee
491 1925 576 1974 castra
587 1937 647 1975 sun.
793 1930 831 1976 tto

35 1997 167 2063 Fum‘dea,
186 1996 269 2064 Quas,
291 1996 389 2069 inquit,
410 1994 631 2051 fidastibicredis
645 1994 724 2060 ituro,

64 2071 229 2146 perdiderint
238 2071 326 2127 undae
336 2070 445 2127 nomine
455 2078 565 2143 quanta,
585 2070 680 2128 vides?
691 2103 729 2113 -

35 2150 98 2223 drgo
108 2165 166 2222 age,
187 2146 274 2202 fallaci
284 2145 488 2202 timideennfide
501 2146 611 2221 figurae,

64 2223 192 2296 quisquis
202 2241 240 2289 es,
263 2230 343 2295 atque
353 2221 456 2295 aliquid
468 2238 575 2294 corpore
586 2221 673 2295 pluris
683 2221 762 2276 habe.

35 2301 138 2356 kxtera
147 2299 289 2371 praecipue
299 2299 370 2370 capit
379 2295 545 2372 indulgentia
556 2304 672 2353 mentes:
793 2304 832 2352 115

64 2374 194 2446 asperitas
203 2374 306 2439 odium,
327 2374 565 2446 saevaqueverha‚
588 2379 705 2428 movent.

35 2448 320 2522 tdimusancipitrem
341 2449 407 2522 quia
416 2449 485 2504 vivit
493 2465 599 2519 semper
609 2447 638 2501 in
651 2447 743 2514 armis,

64 2533 90 2582 et
99 2524 229 2598 pavidum
240 2524 332 2581 solitus
341 2526 370 2579 in
380 2541 462 2596 pecus
472 2524 510 2579 ire
523 2522 612 2594 lupos.

35 2599 60 2657 tt
71 2607 143 2657 earet
151 2600 258 2656 insidiis
268 2599 420 2666 hominum,
436 2600 502 2671 quia
510 2597 584 2652 mitis
594 2597 711 2657 hirundo
720 2607 773 2668 est3

63 2693 188 2751 quasque
196 2674 264 2733 celat
276 2683 361 2730 turres
372 2673 488 2731 Chaonis
498 2671 553 2728 ales
563 2671 655 2730 hahet.
793 2684 839 2724 un
