1868 2962
130 155 162 205 38
311 164 341 208 P.
364 163 489 210 OVIDII
508 164 673 211 NASONIS

166 269 249 332 nupta
260 260 325 318 foret
334 264 421 318 Paridi
432 274 524 330 mater,
545 272 643 320 utente
653 264 714 320 fuit.

128 338 182 390 Nec
192 344 220 390 tu
231 336 304 392 mille
314 345 382 393 rates
392 340 555 412 sinuosaque
563 338 621 394 vela
630 335 742 412 pa'raris,

166 428 215 466 neo
225 429 350 470 numeros
360 415 442 470 Danai
452 414 561 470 militis:
583 415 723 487 ipsaveni.

75 498 100 540 25
127 485 611 560 Sicquoqueeramrepetendatamen3
624 507 672 545 nec
681 498 759 563 turpe
768 491 855 548 marite

166 579 258 633 aspera
269 580 317 635 pro
326 581 387 619 caro
395 562 463 619 belia
477 563 570 619 tulisse
583 574 646 624 toro.

129 635 209 704 Quid,
230 639 303 710 quod
312 656 380 694 avus
389 638 466 693 nobis
477 639 545 694 idem
557 638 694 712 Pelopeius
703 639 820 697 Auens?

165 721 199 779 et,
221 714 244 767 si
256 732 307 769 non
317 730 388 768 esses
398 713 440 767 vir
450 713 526 780 mihi,
547 714 710 770 iratereras'?

131 787 191 854 Vir,
213 805 314 860 precor.
335 788 423 854 uxori,
444 787 523 844 irater
532 807 657 845 succurre
666 793 761 848 sorori.

76 874 101 916 3⁰
168 861 624 928 Instantoiiicicnominabinntuo.

129 937 171 992 Me
180 937 227 992 tibi
239 936 400 1011 Tyndareos,
421 939 474 993 vita
483 940 573 1012 gravis
586 948 676 996 auctor
684 949 710 996 et
718 941 807 1009 annis,

166 1011 287 1067 tradidit:
309 1013 449 1068 arbitrium
460 1015 546 1101 neptis
556 1015 670 1070 habebat
681 1032 759 1071 aviis.

129 1087 163 1142 At
171 1095 245 1159 pater
253 1088 381 1145 Aeacidae
391 1089 542 1163 promiserit
552 1089 653 1145 inscius
662 1092 728 1160 acti;

163 1162 362 1237 piusquoque,
382 1164 430 1237 qui
439 1165 513 1238 prior
521 1171 561 1220 est
569 1164 675 1231 ordine,
696 1166 782 1237 possit
794 1184 855 1222 avus

76 1249 101 1293 35
130 1236 220 1305 Quum
230 1239 277 1294 tibi
290 1239 433 1305 nubebam,
456 1239 523 1295 nulli
536 1257 595 1294 mea
607 1239 681 1295 taeda
695 1241 817 1298 nocebat:

166 1315 189 1368 si
200 1314 296 1389 iungar
306 1315 416 1388 Pyrrho,
437 1324 466 1370 tu
476 1315 543 1369 mihi
556 1314 642 1370 laesus
652 1315 714 1370 eris.

129 1389 162 1443 Et
174 1397 246 1461 pater
256 1391 374 1464 ignoscet
384 1398 472 1446 nostro
480 1388 615 1445 Menelaus
626 1390 724 1446 amori:
759 1451 760 1455 ,

168 1465 309 1520 succubuit
319 1464 379 1520 telis
391 1465 521 1538 praepetis
535 1467 592 1537 ipse
601 1464 654 1520 dei.

130 1539 215 1608 Quem
225 1540 277 1596 sibi
287 1541 416 1613 permisit,
437 1558 533 1614 genero
546 1542 670 1599 concedet
684 1557 816 1596 amorem:

76 1624 101 1670 to
166 1616 283 1688 proderit
291 1614 413 1688 exemplo
425 1623 507 1670 mater
515 1622 601 1670 amata
610 1633 669 1670 suo.

129 1693 169 1746 Tu
180 1692 257 1756 mihi,
279 1690 531 1762 quod‘matripater,
552 1706 594 1745 es:
615 1707 683 1763 quas
693 1697 781 1763 egerat
789 1689 855 1746 oiim

166 1765 315 1820 Dardanius
325 1773 413 1835 partes
423 1763 533 1830 advena,
554 1764 674 1839 Pyrrhus
683 1765 747 1838 agit.

130 1840 176 1895 llie
187 1840 246 1895 licet
255 1839 349 1911 patriis
361 1840 419 1894 sine
429 1838 480 1893 fine
490 1840 626 1912 superbiat
635 1839 712 1907 actis3

167 1923 193 1969 et
201 1924 240 1980 tu,
260 1913 445 1987 quaereieraS,
466 1923 521 1969 acta
532 1915 647 1987 parentis
657 1914 750 1969 habes.

77 1998 101 2044 to
131 1989 278 2045 Tantalides
288 2007 382 2046 omnes
401 1990 568 2063 ipsumquer
601 1986 810 2046 ebatdohillcm.

168 2065 216 2119 Hic
225 2081 286 2136 pars
297 2065 417 2131 militiae,
438 2064 559 2120 duxerat
568 2064 586 2119 il
598 2082 612 2119 e
622 2063 732 2120 dacum.

131 2142 170 2195 Tu
180 2156 287 2213 quoque
296 2140 378 2196 habes
387 2158 517 2212 proavum
527 2138 649 2212 Pelopem
659 2137 818 2212 Pelopisque
827 2157 855 2212 pa

611 2221 723 2269 rentem.

167 2290 195 2346 Si
206 2289 306 2346 medios
317 2307 450 2357 numeres,
472 2309 486 2345 a
496 2292 556 2346 love
564 2289 677 2363 quintus
688 2289 750 2344 eris.

130 2366 185 2420 Nec
194 2366 291 2421 virtute
301 2383 387 2420 cares:
408 2383 481 2420 arma
492 2364 623 2421 invidiosa
635 2363 729 2419 tulisti.

77 2455 102 2496 5⁰
167 2440 218 2496 Sed
228 2450 256 2495 tu
266 2439 459 2513 quidiaoeres‘i
476 2440 621 2495 Induitilla
631 2447 713 2511 pater.

130 2516 237 2572 Materia
247 2515 342 2571 vellem
353 2514 426 2571 fortis
436 2514 542 2570 meliore
555 2514 665 2570 fuisses:

166 2609 220 2646 non
233 2590 296 2646 lecta
310 2598 358 2658 est,
378 2591 451 2664 operi
462 2589 509 2644 sed
519 2591 578 2644 data
587 2607 681 2644 caussa
691 2596 747 2644 tuo.

113 2668 194 2720 Hanc
206 2675 296 2724 tamen
311 2668 447 2744 implesti,
470 2665 621 2744 iuguioque
636 2664 777 2736 aegisthus
787 2671 855 2731 apert
