1868 2962
141 161 173 210 98
336 161 368 207 P.
390 156 518 208 0v1n11
536 160 705 208 NASONIS

178 261 289 318 Fallitur
299 262 412 336 augurio
422 279 483 335 spes
494 262 562 319 bona
573 279 651 334 saepe
662 278 722 318 suo.

86 352 125 397 235
141 339 274 399 Omnibus
284 337 414 402 invenies,
427 355 496 410 quae
506 355 578 392 nunc
590 337 719 392 iactantur
729 339 759 394 in
770 339 835 407 alto,

179 413 293 469 navibus
303 431 317 468 a
329 422 405 486 portu
418 412 475 468 lene
485 412 567 468 luisse
577 412 684 468 fretum.

142 491 196 544 Fax
207 506 315 561 quoque
325 505 368 544 me
377 497 464 552 terret,
476 507 558 561 quam
569 506 598 543 se
608 489 743 561 peperisse
752 494 890 546 cruentam

179 564 319 620 antediem
331 574 422 636 partus
431 573 471 618 est
480 573 524 619 tua
535 565 592 619 visa
604 581 713 636 parens:

41 639 43 643 ’
142 649 167 694 et
176 649 266 694 vatum
278 641 358 695 timeo
369 640 496 704 monitus,
508 656 576 711 quos
588 641 651 768 ipne
661 639 770 714 Pelasgo

88 723 127 772 tto
180 715 245 771 llion
256 732 376 770 arsuram
387 715 587 786 praemonuisse
607 721 695 769 erunt.

145 791 230 862 thue
239 790 308 845 iavet
317 790 445 864 Cytheren
456 790 515 853 tibi,
529 789 593 862 quia
603 790 676 851 vicit,
689 789 826 863 habetque

180 874 253 938 parta
265 883 311 936 per
319 864 460 920 arbitrium
474 865 537 919 bina
548 873 652 934 tropaea
663 872 757 934 tuurn3

143 943 182 996 sic
194 941 252 994 illas
262 941 351 1003 timeo,
363 956 442 1011 quae,
454 940 476 994 si
489 950 531 995 tua
542 939 626 1014 gloria
638 957 699 994 vera
712 947 763 1006 est,

182 1015 269 1071 iudice
279 1024 303 1070 te
313 1032 436 1070 caussam
448 1033 499 1070 non
510 1022 618 1069 tenuere
626 1014 705 1070 duae.
762 1064 767 1071 .

89 1100 127 1150 245
143 1094 197 1147 Nec
206 1090 308 1155 dubito,
320 1091 397 1162 quin,
410 1090 466 1144 tesi
478 1107 631 1162 persequar,
642 1107 715 1145 arma
726 1097 865 1162 parentur.
886 1152 889 1156 Α

182 1167 233 1221 lbit
242 1182 289 1237 per
298 1164 410 1239 gladios,
423 1165 464 1220 hei
476 1166 558 1220 mihil
580 1173 765 1239 nosteramor.

145 1243 186 1299 rin
198 1241 250 1296 iera
262 1240 400 1296 Centauris
412 1240 527 1295 indicere
536 1239 604 1295 belle
614 1240 701 1327 coegit

182 1316 284 1372 Atracis
295 1315 452 1371 Haemonios
463 1315 637 1386 Hippodamia
647 1312 739 1371 viros?

145 1403 174 1448 tu
186 1391 239 1448 iore
249 1400 302 1446 tam
314 1391 382 1445 iusta
394 1389 496 1445 lentum
506 1390 641 1447 Menelaon
653 1391 680 1447 in
693 1390 731 1446 ira

88 1481 130 1525 250
183 1477 208 1522 et
219 1467 341 1542 geminos
353 1465 445 1522 iratres
456 1466 680 1541 Tyndareumque
689 1464 788 1542 putes?

146 1543 223 1610 Quod
233 1544 300 1598 bene
310 1552 334 1598 te
347 1543 437 1607 iactas,
449 1551 474 1597 et
484 1541 559 1597 sortia
573 1540 640 1596 iacta
650 1557 786 1610 recenses;

184 1639 198 1674 a
209 1619 298 1673 verbis
309 1617 388 1672 iacies
399 1617 510 1672 dissidet
520 1617 569 1671 ista
580 1618 644 1672 tuis.

146 1699 213 1766 Apta
225 1694 312 1766 magis
322 1693 426 1757 Veneri,
438 1710 521 1763 quam
532 1701 596 1747 sunt
604 1701 649 1747 tua
659 1707 769 1762 corpora
780 1692 860 1747 Marti
905 1749 909 1755 ,

183 1768 254 1824 Bella
263 1776 357 1842 gerant
368 1766 462 1823 fortes:
484 1776 522 1832 tu,
538 1767 607 1832 Pari,
619 1783 724 1838 semper
733 1783 806 1821 ama.
909 1805 915 1814 .

93 1858 131 1901 255
146 1846 264 1907 Hectora,
276 1860 358 1915 quem
369 1841 471 1909 laudas,
484 1860 532 1914 pro
542 1851 566 1896 te
576 1859 697 1916 pugnare
705 1841 811 1898 iubeto:

185 1918 279 1973 militia
288 1926 327 1974 est
337 1919 423 1991 operis
434 1919 513 1974 altera
523 1917 604 1991 digna
614 1917 678 1972 tuis.

147 1995 194 2048 His
205 2012 262 2068 ego,
273 1994 297 2048 si
307 2012 437 2066 saperem,
448 1993 592 2066 paulloque
602 1991 727 2048 audacior
736 2009 837 2060 essem,

186 2079 281 2124 uterer.
302 2070 404 2133 Utetur,
416 2070 439 2124 si
450 2087 503 2142 qua
514 2068 602 2140 puella
613 2067 697 2139 sapit:

148 2154 193 2200 aut
203 2162 251 2218 ego
262 2144 380 2216 deposito
390 2143 482 2199 faciam
495 2143 604 2199 sortasse
613 2143 728 2215 pudore;

85 2233 133 2276 '260
186 2229 211 2275 et
220 2219 289 2275 daho
298 2219 452 2274 coniunctas
462 2231 579 2291 tempore
588 2220 657 2274 victa
668 2235 777 2272 manus.

149 2295 225 2362 Quod
234 2296 311 2366 petis,
323 2303 353 2349 ut
365 2294 456 2350 furtim
467 2302 617 2366 praesentes
630 2293 708 2366 plura
719 2292 879 2365 loquamur;

187 2370 288 2426 scimus
298 2369 364 2443 quid
377 2378 475 2441 captes,
489 2369 709 2442 colloquiumque
718 2386 809 2424 voces.

151 2446 201 2502 Sed
212 2446 326 2502 nimium
338 2463 477 2518 properas3
499 2453 525 2499 et
534 2445 621 2500 adhuc
630 2453 676 2500 tua
687 2443 784 2499 messis
798 2445 901 2501 inher-

628 2521 721 2575 baest.

186 2600 256 2654 llaec
265 2614 338 2654 mora
353 2596 381 2653 fit
390 2604 451 2654 voto
461 2595 549 2652 forsan
560 2596 645 2651 amica
656 2602 711 2649 tuo.

76 2681 121 2721 265
133 2674 276 2733 Hactenus
284 2693 419 2734 arcanum
434 2673 551 2734 iurtiuae
559 2669 779 2729 consciamentis

216 2910 226 2921 ..
296 2854 310 2922 i
