1868 2962
225 178 389 226 AMORUM
406 181 475 227 LIB.
496 182 527 229 Π.
546 184 603 230 EL.
621 184 661 230 14.
753 178 801 231 173
907 221 912 229 .

55 281 137 354 Saepe
147 279 198 335 tibi
209 278 279 343 sedit,
285 279 363 335 certis
376 287 480 353 operata
493 280 597 349 diebus,
641 333 648 348 ,

92 374 148 431 qua
156 355 242 429 cingit
251 354 340 412 lauros
351 355 452 412 Gallica
461 365 550 411 turma
559 365 628 412 tuas.

57 433 166 506 Tuque,
186 429 335 487 laborantes
344 439 418 487 utero
427 432 551 487 miserata
559 433 671 505 puellas¹
688 470 691 476 n

92 524 211 581 quarum
221 506 295 562 tarde
306 505 390 562 latens
399 524 509 580 corpora
519 508 603 563 tendit
612 527 694 578 onus;
831 522 857 566 2⁰

58 582 214 648 lenisades‚
235 582 414 655 precibusque
422 582 496 650 fave,
519 584 636 649 Lucina,
656 584 769 656 puellae.

91 658 180 734 Digna
190 665 243 724 est,
263 675 345 730 quam
355 658 448 713 iubeas
460 659 581 715 muneris
594 677 652 713 esse
665 659 714 714 tui.

57 735 116 806 lpse
124 751 175 808 ego
183 740 243 789 tura
252 732 320 789 dabo
330 733 442 789 fumosis
452 734 583 789 candidus
594 734 661 790 aris:

93 810 152 882 ipse
162 809 245 864 ierem
258 815 319 864 ente
328 816 387 866 tuos
396 826 508 865 munera
520 817 579 865 vcta
590 810 680 882 pedes
747 840 754 882 ·.

58 884 188 941 Adiiciem
196 882 321 951 titulum,
342 886 453 942 Servata
464 887 535 941 Naso
548 885 672 941 Corinna.
832 895 858 939 25

95 962 137 1016 Tu
147 960 227 1017 modo
238 959 279 1014 fac
290 960 366 1016 tituio
376 960 589 1033 muneribusque
600 960 698 1016 iocum.
881 962 884 966 ’

58 1035 85 1091 Si
96 1036 226 1091 tamenin
235 1042 308 1091 tanto
321 1035 360 1091 ias
369 1045 408 1090 est
419 1036 557 1090 monuisse
567 1035 673 1104 timore;

94 1111 145 1167 hac
154 1111 203 1166 tibi
213 1111 249 1166 sit
260 1128 351 1185 pugna
361 1109 515 1178 dimicuisse
526 1111 600 1166 satis.
703 1112 707 1120 '

239 1287 481 1345 nuncin
527 1288 621 1343 xiv.

59 1396 137 1474 Quid
147 1404 236 1472 iuvat,
256 1407 392 1464 immunes
403 1407 467 1464 belli
477 1425 579 1464 cessare
591 1409 704 1481 puellus,

95 1498 145 1537 nec
154 1479 208 1536 iera
217 1482 327 1554 peltatas
338 1484 446 1558 agmina
460 1482 527 1540 velie
538 1485 625 1556 sequi,

57 1557 81 1612 si
92 1557 152 1612 sine
160 1558 243 1613 Marte
252 1559 309 1614 suis
319 1560 458 1631 patiuntur
467 1558 578 1616 vulnera
590 1560 657 1626 telis,

96 1640 122 1688 et
129 1649 221 1688 caecas
231 1643 336 1691 armant
345 1635 373 1690 in
384 1653 433 1690 sna
444 1634 496 1690 fata
507 1634 623 1689 manus?

57 1708 132 1776 Quae
143 1709 231 1781 prima
240 1711 357 1766 instituit
370 1718 472 1767 teneras
482 1710 629 1767 convellere
639 1710 732 1776 iaetus,

95 1784 192 1840 militia
203 1784 288 1841 fuerat
297 1785 378 1860 digna
387 1787 473 1858 perire
482 1804 542 1841 sua.

58 1859 164 1915 Scilicet
171 1867 202 1916 ut
210 1869 296 1916 careat
305 1879 433 1936 rugarum
443 1861 556 1916 crimine
566 1868 665 1928 venter,

95 1942 228 1991 sternetur
236 1944 343 2011 pugnae
353 1938 435 1991 tristis
445 1954 524 1991 arena
533 1935 612 1994 tuae?

58 2011 86 2066 Si
96 2029 155 2067 mos
166 2011 284 2085 antiquis
293 2011 436 2084 placuisset
446 2011 576 2067 matribus
587 2010 666 2077 idem,

94 2104 163 2173 gens
175 2086 318 2142 hominum
327 2087 392 2144 vitio
401 2088 552 2160 deperitura
562 2085 625 2142 fuit:
784 2122 787 2127 ·
834 2100 859 2143 ιο

59 2179 161 2235 qu1que
170 2163 268 2218 iterum
278 2164 372 2218 iaceret
381 2164 487 2237 generis
497 2163 642 2234 primordia
652 2168 733 2218 nostri

96 2237 125 2293 in
136 2255 221 2294 vacuo
232 2239 332 2310 lapides
342 2239 420 2304 orbe,
442 2237 578 2312 parandus
589 2246 652 2294 erat.

58 2312 126 2380 Quis
135 2313 235 2368 Priami
245 2312 367 2388 fregisset
375 2331 453 2387 opes,
474 2314 498 2368 si
512 2332 613 2370 numen
622 2329 753 2386 aquarum

95 2389 168 2444 iustu
176 2397 325 2445 recusasset
333 2390 450 2461 pondera
459 2389 527 2445 ierne
538 2387 647 2444 Thetis?

59 2463 106 2519 llia
120 2465 143 2518 si
154 2464 257 2520 tumido
269 2466 391 2539 geminos
401 2466 429 2520 in
439 2472 531 2521 ventre
540 2471 666 2527 necasset,
835 2477 859 2518 15

96 2557 209 2595 casurus
219 2540 343 2596 dominae
352 2540 471 2596 conditor
480 2539 560 2596 Urbis
570 2546 636 2594 erut.

60 2614 87 2670 Si
97 2616 189 2669 Venus
196 2614 302 2670 Aenean
312 2615 428 2691 grauida
439 2623 600 2675 temerasset
607 2613 641 2674 in
651 2613 731 2683 eisc,

86 2687 244 2742 Caesaaz'bus
254 2689 335 2748 telius
347 2694 416 2753 arba
425 2693 524 2755 futura
535 2695 604 2756 fuit.
