<?xml version="1.0" encoding="UTF-8"?>
<!DOCTYPE html PUBLIC "-//W3C//DTD XHTML 1.0 Transitional//EN"
    "http://www.w3.org/TR/xhtml1/DTD/xhtml1-transitional.dtd">
<html xmlns="http://www.w3.org/1999/xhtml" xml:lang="en" lang="en">
 <head>
  <title>
</title>
<meta http-equiv="Content-Type" content="text/html;charset=utf-8" />
  <meta name='ocr-system' content='tesseract 3.04.00' />
  <meta name='ocr-capabilities' content='ocr_page ocr_carea ocr_par ocr_line ocrx_word'/>
</head>
<body>
  <div class='ocr_page' id='page_1' title='image "./operaomnia01ovidgoog/operaomnia01ovidgoog_0067.png"; bbox 0 0 1868 2962; ppageno 0'>
   <div class='ocr_carea' id='block_1_1' title="bbox 142 115 690 169">
    <p class='ocr_par' dir='ltr' id='par_1_1' title="bbox 142 115 690 169">
     <span class='ocr_line' id='line_1_1' title="bbox 142 115 690 169; baseline 0 -2"><span class='ocrx_word' id='word_1_1' title='bbox 142 115 175 168; x_wconf 79' lang='grc'>58</span> <span class='ocrx_word' id='word_1_2' title='bbox 330 120 357 165; x_wconf 80' lang='lat'>1³.</span> <span class='ocrx_word' id='word_1_3' title='bbox 378 118 506 167; x_wconf 85' lang='lat' dir='ltr'>ov1D11</span> <span class='ocrx_word' id='word_1_4' title='bbox 523 121 690 169; x_wconf 72' lang='lat' dir='ltr'>NASONIS</span> 
     </span>
    </p>
   </div>
   <div class='ocr_carea' id='block_1_2' title="bbox 87 220 893 2632">
    <p class='ocr_par' dir='ltr' id='par_1_2' title="bbox 87 220 893 2632">
     <span class='ocr_line' id='line_1_2' title="bbox 87 220 868 295; baseline 0.004 -21"><span class='ocrx_word' id='word_1_5' title='bbox 87 231 111 275; x_wconf 70' lang='lat' dir='ltr'>{a</span> <span class='ocrx_word' id='word_1_6' title='bbox 140 221 387 293; x_wconf 82' lang='lat' dir='ltr'>Perderepnsscsat</span> <span class='ocrx_word' id='word_1_7' title='bbox 396 227 445 287; x_wconf 87' lang='lat' dir='ltr'>est,</span> <span class='ocrx_word' id='word_1_8' title='bbox 465 220 488 274; x_wconf 91' lang='lat' dir='ltr'>si</span> <span class='ocrx_word' id='word_1_9' title='bbox 499 238 581 295; x_wconf 87' lang='lat' dir='ltr'>quem</span> <span class='ocrx_word' id='word_1_10' title='bbox 591 221 667 277; x_wconf 88' lang='lat' dir='ltr'>iuvat</span> <span class='ocrx_word' id='word_1_11' title='bbox 676 221 734 294; x_wconf 89' lang='lat' dir='ltr'>ipsa</span> <span class='ocrx_word' id='word_1_12' title='bbox 743 229 868 294; x_wconf 81' lang='lat' dir='ltr'>potestas.</span> 
     </span>
     <span class='ocr_line' id='line_1_3' title="bbox 179 294 670 370; baseline 0.004 -20"><span class='ocrx_word' id='word_1_13' title='bbox 179 294 288 350; x_wconf 89' lang='lat' dir='ltr'>Sedtibi</span> <span class='ocrx_word' id='word_1_14' title='bbox 297 294 512 370; x_wconf 81' lang='lat' dir='ltr'>servatusgloria</span> <span class='ocrx_word' id='word_1_15' title='bbox 522 296 670 352; x_wconf 83' lang='lat' dir='ltr'>maiorem.</span> 
     </span>
     <span class='ocr_line' id='line_1_4' title="bbox 142 367 884 444; baseline 0.001 -19"><span class='ocrx_word' id='word_1_16' title='bbox 142 372 191 425; x_wconf 86' lang='lat' dir='ltr'>Per</span> <span class='ocrx_word' id='word_1_17' title='bbox 205 367 276 426; x_wconf 83' lang='lat' dir='ltr'>mala</span> <span class='ocrx_word' id='word_1_18' title='bbox 289 377 379 426; x_wconf 82' lang='lat' dir='ltr'>nostra</span> <span class='ocrx_word' id='word_1_19' title='bbox 392 387 499 442; x_wconf 82' lang='lat' dir='ltr'>precor,</span> <span class='ocrx_word' id='word_1_20' title='bbox 524 388 642 444; x_wconf 85' lang='lat' dir='ltr'>quorum</span> <span class='ocrx_word' id='word_1_21' title='bbox 653 379 728 444; x_wconf 82' lang='lat' dir='ltr'>potes</span> <span class='ocrx_word' id='word_1_22' title='bbox 741 389 800 427; x_wconf 81' lang='lat' dir='ltr'>esse</span> <span class='ocrx_word' id='word_1_23' title='bbox 818 371 884 427; x_wconf 87' lang='lat' dir='ltr'>leva·</span> 
     </span>
     <span class='ocr_line' id='line_1_5' title="bbox 407 464 698 515; baseline -0.01 -11"><span class='ocrx_word' id='word_1_24' title='bbox 407 496 410 504; x_wconf 91' lang='lat'><em>.</em></span> <span class='ocrx_word' id='word_1_25' title='bbox 621 464 698 515; x_wconf 84' lang='lat' dir='ltr'>men3</span> 
     </span>
     <span class='ocr_line' id='line_1_6' title="bbox 179 521 766 595; baseline 0 -20"><span class='ocrx_word' id='word_1_26' title='bbox 179 536 322 595; x_wconf 81' lang='lat' dir='ltr'>pergenae</span> <span class='ocrx_word' id='word_1_27' title='bbox 330 527 356 575; x_wconf 91' lang='lat' dir='ltr'>et</span> <span class='ocrx_word' id='word_1_28' title='bbox 365 538 467 577; x_wconf 87' lang='lat' dir='ltr'>numen</span> <span class='ocrx_word' id='word_1_29' title='bbox 475 528 572 576; x_wconf 81' lang='lat' dir='ltr'>cuncta</span> <span class='ocrx_word' id='word_1_30' title='bbox 582 521 699 578; x_wconf 87' lang='lat' dir='ltr'>videntis</span> <span class='ocrx_word' id='word_1_31' title='bbox 709 521 766 590; x_wconf 87' lang='lat' dir='ltr'>avi;</span> 
     </span>
     <span class='ocr_line' id='line_1_7' title="bbox 142 594 776 670; baseline 0.003 -20"><span class='ocrx_word' id='word_1_32' title='bbox 142 614 190 669; x_wconf 88' lang='lat' dir='ltr'>per</span> <span class='ocrx_word' id='word_1_33' title='bbox 200 594 312 667; x_wconf 87' lang='lat' dir='ltr'>triplicis</span> <span class='ocrx_word' id='word_1_34' title='bbox 321 594 414 652; x_wconf 84' lang='lat' dir='ltr'>vultus</span> <span class='ocrx_word' id='word_1_35' title='bbox 424 613 573 670; x_wconf 80' lang='lat' dir='ltr'>arcanaque</span> <span class='ocrx_word' id='word_1_36' title='bbox 581 614 655 661; x_wconf 74' lang='lat' dir='ltr'>sacra</span> <span class='ocrx_word' id='word_1_37' title='bbox 664 597 776 665; x_wconf 57' lang='lat' dir='ltr'>Dianam</span> 
     </span>
     <span class='ocr_line' id='line_1_8' title="bbox 88 670 707 746; baseline 0.003 -20"><span class='ocrx_word' id='word_1_38' title='bbox 88 684 113 726; x_wconf 82' lang='lat'>80</span> <span class='ocrx_word' id='word_1_39' title='bbox 177 680 203 727; x_wconf 90' lang='lat' dir='ltr'>et</span> <span class='ocrx_word' id='word_1_40' title='bbox 212 671 236 728; x_wconf 88' lang='lat' dir='ltr'>si</span> <span class='ocrx_word' id='word_1_41' title='bbox 245 670 310 728; x_wconf 76' lang='lat' dir='ltr'>forte</span> <span class='ocrx_word' id='word_1_42' title='bbox 320 671 386 726; x_wconf 83' lang='lat' dir='ltr'>aiios</span> <span class='ocrx_word' id='word_1_43' title='bbox 397 689 464 746; x_wconf 82' lang='lat' dir='ltr'>gene</span> <span class='ocrx_word' id='word_1_44' title='bbox 475 671 555 727; x_wconf 83' lang='lat' dir='ltr'>habet</span> <span class='ocrx_word' id='word_1_45' title='bbox 567 672 617 727; x_wconf 85' lang='lat' dir='ltr'>ista</span> <span class='ocrx_word' id='word_1_46' title='bbox 629 671 707 728; x_wconf 87' lang='lat' dir='ltr'>dens:</span> 
     </span>
     <span class='ocr_line' id='line_1_9' title="bbox 143 746 766 822; baseline -0.005 -19"><span class='ocrx_word' id='word_1_47' title='bbox 143 747 254 822; x_wconf 80' lang='lat' dir='ltr'>ovirgo‚</span> <span class='ocrx_word' id='word_1_48' title='bbox 275 747 475 816; x_wconf 82' lang='lat' dir='ltr'>misereremei3</span> <span class='ocrx_word' id='word_1_49' title='bbox 497 747 622 803; x_wconf 82' lang='lat' dir='ltr'>miserere</span> <span class='ocrx_word' id='word_1_50' title='bbox 631 746 766 804; x_wconf 84' lang='lat' dir='ltr'>meorum!</span> 
     </span>
     <span class='ocr_line' id='line_1_10' title="bbox 179 822 767 895; baseline -0.002 -17"><span class='ocrx_word' id='word_1_51' title='bbox 179 823 262 879; x_wconf 77' lang='lat' dir='ltr'>Effice</span> <span class='ocrx_word' id='word_1_52' title='bbox 270 839 314 877; x_wconf 91' lang='lat' dir='ltr'>me</span> <span class='ocrx_word' id='word_1_53' title='bbox 323 822 426 878; x_wconf 85' lang='lat' dir='ltr'>meritis</span> <span class='ocrx_word' id='word_1_54' title='bbox 438 830 544 895; x_wconf 83' lang='lat' dir='ltr'>tempus</span> <span class='ocrx_word' id='word_1_55' title='bbox 553 824 582 878; x_wconf 92' lang='lat' dir='ltr'>in</span> <span class='ocrx_word' id='word_1_56' title='bbox 591 840 670 879; x_wconf 89' lang='lat' dir='ltr'>omne</span> <span class='ocrx_word' id='word_1_57' title='bbox 679 831 767 878; x_wconf 87' lang='lat' dir='ltr'>tuum.</span> 
     </span>
     <span class='ocr_line' id='line_1_11' title="bbox 144 897 814 972; baseline -0.001 -19"><span class='ocrx_word' id='word_1_58' title='bbox 144 898 221 964; x_wconf 84' lang='lat' dir='ltr'><strong>Quod</strong></span> <span class='ocrx_word' id='word_1_59' title='bbox 231 898 255 952; x_wconf 87' lang='lat' dir='ltr'>si</span> <span class='ocrx_word' id='word_1_60' title='bbox 266 897 332 953; x_wconf 82' lang='lat' dir='ltr'>sorte</span> <span class='ocrx_word' id='word_1_61' title='bbox 339 897 430 953; x_wconf 88' lang='lat' dir='ltr'>virum</span> <span class='ocrx_word' id='word_1_62' title='bbox 440 916 494 954; x_wconf 91' lang='lat' dir='ltr'>non</span> <span class='ocrx_word' id='word_1_63' title='bbox 503 897 648 972; x_wconf 77' lang='lat' dir='ltr'>dedignare</span> <span class='ocrx_word' id='word_1_64' title='bbox 657 897 814 972; x_wconf 63' lang='lat' dir='ltr'>Pelasgum</span> 
     </span>
     <span class='ocr_line' id='line_1_12' title="bbox 180 971 803 1046; baseline -0.002 -20"><span class='ocrx_word' id='word_1_65' title='bbox 180 972 235 1045; x_wconf 77' lang='lat' dir='ltr'>(sed</span> <span class='ocrx_word' id='word_1_66' title='bbox 246 972 313 1027; x_wconf 94' lang='lat' dir='ltr'>mihi</span> <span class='ocrx_word' id='word_1_67' title='bbox 324 979 379 1028; x_wconf 91' lang='lat' dir='ltr'>tam</span> <span class='ocrx_word' id='word_1_68' title='bbox 388 972 478 1028; x_wconf 79' lang='lat' dir='ltr'><strong>faciles</strong></span> <span class='ocrx_word' id='word_1_69' title='bbox 490 972 564 1029; x_wconf 90' lang='lat' dir='ltr'>unde</span> <span class='ocrx_word' id='word_1_70' title='bbox 575 973 692 1046; x_wconf 85' lang='lat' dir='ltr'>deosque</span> <span class='ocrx_word' id='word_1_71' title='bbox 702 971 803 1045; x_wconf 66' lang='lat' dir='ltr'>mensi)</span> 
     </span>
     <span class='ocr_line' id='line_1_13' title="bbox 89 1048 784 1119; baseline 0 -16"><span class='ocrx_word' id='word_1_72' title='bbox 89 1061 114 1103; x_wconf 81' lang='lat'>85</span> <span class='ocrx_word' id='word_1_73' title='bbox 143 1048 253 1119; x_wconf 88' lang='lat' dir='ltr'>spiritus</span> <span class='ocrx_word' id='word_1_74' title='bbox 263 1054 324 1103; x_wconf 82' lang='lat' dir='ltr'>ante</span> <span class='ocrx_word' id='word_1_75' title='bbox 333 1065 410 1103; x_wconf 85' lang='lat' dir='ltr'>meus</span> <span class='ocrx_word' id='word_1_76' title='bbox 420 1056 513 1104; x_wconf 85' lang='lat' dir='ltr'>tenues</span> <span class='ocrx_word' id='word_1_77' title='bbox 523 1056 647 1105; x_wconf 86' lang='lat' dir='ltr'>vanescat</span> <span class='ocrx_word' id='word_1_78' title='bbox 656 1050 685 1104; x_wconf 88' lang='lat' dir='ltr'>in</span> <span class='ocrx_word' id='word_1_79' title='bbox 695 1065 784 1112; x_wconf 81' lang='lat' dir='ltr'>auras,</span> 
     </span>
     <span class='ocr_line' id='line_1_14' title="bbox 182 1120 822 1197; baseline -0.005 -18"><span class='ocrx_word' id='word_1_80' title='bbox 182 1140 265 1197; x_wconf 90' lang='lat' dir='ltr'>quam</span> <span class='ocrx_word' id='word_1_81' title='bbox 273 1120 399 1191; x_wconf 79' lang='lat' dir='ltr'>thalamo,</span> <span class='ocrx_word' id='word_1_82' title='bbox 421 1123 473 1180; x_wconf 89' lang='lat' dir='ltr'>nisi</span> <span class='ocrx_word' id='word_1_83' title='bbox 483 1132 523 1191; x_wconf 87' lang='lat' dir='ltr'>tu,</span> <span class='ocrx_word' id='word_1_84' title='bbox 544 1131 628 1196; x_wconf 87' lang='lat' dir='ltr'>nupta</span> <span class='ocrx_word' id='word_1_85' title='bbox 640 1124 676 1179; x_wconf 85' lang='lat' dir='ltr'>sit</span> <span class='ocrx_word' id='word_1_86' title='bbox 687 1122 822 1183; x_wconf 83' lang='lat' dir='ltr'>ullameo.</span> 
     </span>
     <span class='ocr_line' id='line_1_15' title="bbox 145 1198 758 1272; baseline -0.003 -18"><span class='ocrx_word' id='word_1_87' title='bbox 145 1199 257 1255; x_wconf 86' lang='lat' dir='ltr'>Conscia</span> <span class='ocrx_word' id='word_1_88' title='bbox 266 1199 302 1254; x_wconf 88' lang='lat' dir='ltr'>sit</span> <span class='ocrx_word' id='word_1_89' title='bbox 311 1200 388 1262; x_wconf 83' lang='lat' dir='ltr'>Iuno,</span> <span class='ocrx_word' id='word_1_90' title='bbox 409 1200 492 1255; x_wconf 86' lang='lat' dir='ltr'>sacris</span> <span class='ocrx_word' id='word_1_91' title='bbox 504 1198 635 1272; x_wconf 84' lang='lat' dir='ltr'>praefecta</span> <span class='ocrx_word' id='word_1_92' title='bbox 645 1199 758 1264; x_wconf 84' lang='lat' dir='ltr'>maritis,</span> 
     </span>
     <span class='ocr_line' id='line_1_16' title="bbox 183 1274 760 1341; baseline -0.003 -11"><span class='ocrx_word' id='word_1_93' title='bbox 183 1283 209 1330; x_wconf 89' lang='lat' dir='ltr'>et</span> <span class='ocrx_word' id='word_1_94' title='bbox 217 1275 275 1341; x_wconf 86' lang='lat' dir='ltr'>dea,</span> <span class='ocrx_word' id='word_1_95' title='bbox 296 1291 443 1330; x_wconf 83' lang='lat' dir='ltr'>marmorea</span> <span class='ocrx_word' id='word_1_96' title='bbox 453 1275 532 1331; x_wconf 87' lang='lat' dir='ltr'>cuius</span> <span class='ocrx_word' id='word_1_97' title='bbox 541 1275 570 1330; x_wconf 92' lang='lat' dir='ltr'>in</span> <span class='ocrx_word' id='word_1_98' title='bbox 580 1274 644 1330; x_wconf 85' lang='lat' dir='ltr'>aede</span> <span class='ocrx_word' id='word_1_99' title='bbox 653 1292 760 1330; x_wconf 86' lang='lat' dir='ltr'>sumus.</span> 
     </span>
     <span class='ocr_line' id='line_1_17' title="bbox 146 1348 892 1480; baseline -0.001 -75"><span class='ocrx_word' id='word_1_100' title='bbox 146 1352 215 1406; x_wconf 89' lang='lat' dir='ltr'>Haec</span> <span class='ocrx_word' id='word_1_101' title='bbox 233 1350 356 1406; x_wconf 86' lang='lat' dir='ltr'>animum</span> <span class='ocrx_word' id='word_1_102' title='bbox 375 1349 409 1423; x_wconf 83' lang='lat' dir='ltr'>(et</span> <span class='ocrx_word' id='word_1_103' title='bbox 422 1358 502 1422; x_wconf 87' lang='lat' dir='ltr'>quota</span> <span class='ocrx_word' id='word_1_104' title='bbox 516 1367 579 1422; x_wconf 87' lang='lat' dir='ltr'>pars</span> <span class='ocrx_word' id='word_1_105' title='bbox 598 1349 663 1405; x_wconf 86' lang='lat' dir='ltr'>haec</span> <span class='ocrx_word' id='word_1_106' title='bbox 678 1348 772 1480; x_wconf 68' lang='lat' dir='ltr'>lslunt‘i)</span> <span class='ocrx_word' id='word_1_107' title='bbox 787 1365 892 1406; x_wconf 78' lang='lat' dir='ltr'>movere</span> 
     </span>
     <span class='ocr_line' id='line_1_18' title="bbox 623 1440 729 1498; baseline -0.009 -16"><span class='ocrx_word' id='word_1_108' title='bbox 623 1442 677 1498; x_wconf 89' lang='lat' dir='ltr'>pue</span> <span class='ocrx_word' id='word_1_109' title='bbox 697 1440 729 1482; x_wconf 78' lang='lat' dir='ltr'>ae</span> 
     </span>
     <span class='ocr_line' id='line_1_19' title="bbox 92 1499 799 1573; baseline 0 -17"><span class='ocrx_word' id='word_1_110' title='bbox 92 1513 117 1556; x_wconf 75' lang='lat' dir='ltr'>aa</span> <span class='ocrx_word' id='word_1_111' title='bbox 183 1499 324 1573; x_wconf 83' lang='lat' dir='ltr'>simplicis,</span> <span class='ocrx_word' id='word_1_112' title='bbox 346 1507 371 1556; x_wconf 88' lang='lat' dir='ltr'>et</span> <span class='ocrx_word' id='word_1_113' title='bbox 380 1500 486 1556; x_wconf 84' lang='lat' dir='ltr'>dextrae</span> <span class='ocrx_word' id='word_1_114' title='bbox 495 1500 602 1557; x_wconf 82' lang='lat' dir='ltr'>dextera</span> <span class='ocrx_word' id='word_1_115' title='bbox 611 1501 702 1556; x_wconf 86' lang='lat' dir='ltr'>iuncta</span> <span class='ocrx_word' id='word_1_116' title='bbox 714 1517 799 1556; x_wconf 84' lang='lat' dir='ltr'>meae.</span> 
     </span>
     <span class='ocr_line' id='line_1_20' title="bbox 149 1573 839 1648; baseline -0.004 -15"><span class='ocrx_word' id='word_1_117' title='bbox 149 1577 207 1633; x_wconf 91' lang='lat' dir='ltr'>Vidi</span> <span class='ocrx_word' id='word_1_118' title='bbox 217 1577 297 1634; x_wconf 88' lang='lat' dir='ltr'>etiam</span> <span class='ocrx_word' id='word_1_119' title='bbox 307 1577 443 1633; x_wconf 87' lang='lat' dir='ltr'>lacrimas:</span> <span class='ocrx_word' id='word_1_120' title='bbox 464 1595 498 1632; x_wconf 88' lang='lat' dir='ltr'>an</span> <span class='ocrx_word' id='word_1_121' title='bbox 508 1594 570 1648; x_wconf 88' lang='lat' dir='ltr'>pars</span> <span class='ocrx_word' id='word_1_122' title='bbox 580 1583 605 1631; x_wconf 91' lang='lat' dir='ltr'>et</span> <span class='ocrx_word' id='word_1_123' title='bbox 614 1574 716 1632; x_wconf 83' lang='lat' dir='ltr'>fraudis</span> <span class='ocrx_word' id='word_1_124' title='bbox 726 1576 755 1633; x_wconf 88' lang='lat' dir='ltr'>in</span> <span class='ocrx_word' id='word_1_125' title='bbox 764 1573 839 1631; x_wconf 77' lang='lat' dir='ltr'>illis?</span> 
     </span>
     <span class='ocr_line' id='line_1_21' title="bbox 184 1646 736 1723; baseline -0.002 -17"><span class='ocrx_word' id='word_1_126' title='bbox 184 1652 227 1707; x_wconf 90' lang='lat' dir='ltr'>Sic</span> <span class='ocrx_word' id='word_1_127' title='bbox 236 1653 288 1709; x_wconf 80' lang='lat' dir='ltr'>cito</span> <span class='ocrx_word' id='word_1_128' title='bbox 300 1670 362 1708; x_wconf 85' lang='lat' dir='ltr'>sum</span> <span class='ocrx_word' id='word_1_129' title='bbox 371 1652 461 1708; x_wconf 87' lang='lat' dir='ltr'>verbis</span> <span class='ocrx_word' id='word_1_130' title='bbox 470 1659 545 1723; x_wconf 86' lang='lat' dir='ltr'>capta</span> <span class='ocrx_word' id='word_1_131' title='bbox 555 1651 644 1723; x_wconf 86' lang='lat' dir='ltr'>puella</span> <span class='ocrx_word' id='word_1_132' title='bbox 654 1646 736 1707; x_wconf 84' lang='lat' dir='ltr'>tuis.&#39;</span> 
     </span>
     <span class='ocr_line' id='line_1_22' title="bbox 147 1726 780 1801; baseline 0 -19"><span class='ocrx_word' id='word_1_133' title='bbox 147 1727 239 1801; x_wconf 80' lang='lat' dir='ltr'>Iungis</span> <span class='ocrx_word' id='word_1_134' title='bbox 250 1735 275 1782; x_wconf 89' lang='lat' dir='ltr'>et</span> <span class='ocrx_word' id='word_1_135' title='bbox 286 1726 419 1799; x_wconf 85' lang='lat' dir='ltr'>aeripedes</span> <span class='ocrx_word' id='word_1_136' title='bbox 431 1726 555 1782; x_wconf 78' lang='lat' dir='ltr'>inadusto</span> <span class='ocrx_word' id='word_1_137' title='bbox 563 1744 671 1799; x_wconf 89' lang='lat' dir='ltr'>corpore</span> <span class='ocrx_word' id='word_1_138' title='bbox 681 1733 780 1790; x_wconf 76' lang='lat' dir='ltr'>tauros,</span> 
     </span>
     <span class='ocr_line' id='line_1_23' title="bbox 184 1801 761 1864; baseline -0.003 -7"><span class='ocrx_word' id='word_1_139' title='bbox 184 1812 210 1857; x_wconf 88' lang='lat' dir='ltr'>et</span> <span class='ocrx_word' id='word_1_140' title='bbox 219 1801 332 1857; x_wconf 87' lang='lat' dir='ltr'>solidam</span> <span class='ocrx_word' id='word_1_141' title='bbox 342 1802 416 1858; x_wconf 87' lang='lat' dir='ltr'>iusso</span> <span class='ocrx_word' id='word_1_142' title='bbox 424 1818 531 1857; x_wconf 85' lang='lat' dir='ltr'>vomere</span> <span class='ocrx_word' id='word_1_143' title='bbox 543 1802 624 1857; x_wconf 88' lang='lat' dir='ltr'>findis</span> <span class='ocrx_word' id='word_1_144' title='bbox 634 1802 761 1864; x_wconf 82' lang='lat' dir='ltr'>humum.</span> 
     </span>
     <span class='ocr_line' id='line_1_24' title="bbox 92 1875 789 1950; baseline -0.003 -17"><span class='ocrx_word' id='word_1_145' title='bbox 92 1891 117 1933; x_wconf 72' lang='lat'>95</span> <span class='ocrx_word' id='word_1_146' title='bbox 146 1878 217 1933; x_wconf 80' lang='lat' dir='ltr'>Arva</span> <span class='ocrx_word' id='word_1_147' title='bbox 226 1878 363 1933; x_wconf 86' lang='lat' dir='ltr'>venenatis</span> <span class='ocrx_word' id='word_1_148' title='bbox 373 1895 422 1950; x_wconf 89' lang='lat' dir='ltr'>pro</span> <span class='ocrx_word' id='word_1_149' title='bbox 432 1877 534 1933; x_wconf 87' lang='lat' dir='ltr'>semine</span> <span class='ocrx_word' id='word_1_150' title='bbox 543 1877 668 1934; x_wconf 88' lang='lat' dir='ltr'>dentibus</span> <span class='ocrx_word' id='word_1_151' title='bbox 677 1875 789 1949; x_wconf 80' lang='lat' dir='ltr'>imples:</span> 
     </span>
     <span class='ocr_line' id='line_1_25' title="bbox 186 1951 799 2028; baseline -0.007 -19"><span class='ocrx_word' id='word_1_152' title='bbox 186 1951 313 2020; x_wconf 86' lang='lat' dir='ltr'>nascitur,</span> <span class='ocrx_word' id='word_1_153' title='bbox 333 1962 359 2010; x_wconf 86' lang='lat' dir='ltr'>et</span> <span class='ocrx_word' id='word_1_154' title='bbox 367 1953 470 2028; x_wconf 80' lang='lat' dir='ltr'>gladios</span> <span class='ocrx_word' id='word_1_155' title='bbox 483 1961 612 2026; x_wconf 86' lang='lat' dir='ltr'>scutaque</span> <span class='ocrx_word' id='word_1_156' title='bbox 622 1953 700 2009; x_wconf 86' lang='lat' dir='ltr'>miles</span> <span class='ocrx_word' id='word_1_157' title='bbox 710 1952 799 2009; x_wconf 83' lang='lat' dir='ltr'>habet.</span> 
     </span>
     <span class='ocr_line' id='line_1_26' title="bbox 148 2027 893 2104; baseline -0.003 -20"><span class='ocrx_word' id='word_1_158' title='bbox 148 2031 207 2102; x_wconf 91' lang='lat' dir='ltr'>Ipsa</span> <span class='ocrx_word' id='word_1_159' title='bbox 217 2047 276 2104; x_wconf 77' lang='lat' dir='ltr'>ego,</span> <span class='ocrx_word' id='word_1_160' title='bbox 296 2047 366 2102; x_wconf 89' lang='lat' dir='ltr'>quae</span> <span class='ocrx_word' id='word_1_161' title='bbox 375 2029 499 2085; x_wconf 81' lang='lat' dir='ltr'><strong>dederam</strong></span> <span class='ocrx_word' id='word_1_162' title='bbox 512 2029 700 2095; x_wconf 86' lang='lat' dir='ltr'>medicamina,</span> <span class='ocrx_word' id='word_1_163' title='bbox 709 2027 809 2101; x_wconf 83' lang='lat' dir='ltr'>pallida</span> <span class='ocrx_word' id='word_1_164' title='bbox 821 2027 893 2096; x_wconf 77' lang='lat' dir='ltr'>sedi3</span> 
     </span>
     <span class='ocr_line' id='line_1_27' title="bbox 185 2104 791 2177; baseline -0.008 -17"><span class='ocrx_word' id='word_1_165' title='bbox 185 2123 272 2177; x_wconf 91' lang='lat' dir='ltr'>quum</span> <span class='ocrx_word' id='word_1_166' title='bbox 281 2104 338 2160; x_wconf 90' lang='lat' dir='ltr'>vidi</span> <span class='ocrx_word' id='word_1_167' title='bbox 348 2105 451 2163; x_wconf 80' lang='lat' dir='ltr'>subitas</span> <span class='ocrx_word' id='word_1_168' title='bbox 462 2123 536 2161; x_wconf 83' lang='lat' dir='ltr'>arma</span> <span class='ocrx_word' id='word_1_169' title='bbox 546 2105 727 2161; x_wconf 85' lang='lat' dir='ltr'>tenereviros:</span> <span class='ocrx_word' id='word_1_170' title='bbox 788 2147 791 2155; x_wconf 91' lang='lat'><em>.</em></span> 
     </span>
     <span class='ocr_line' id='line_1_28' title="bbox 147 2178 802 2255; baseline -0.005 -19"><span class='ocrx_word' id='word_1_171' title='bbox 147 2182 230 2236; x_wconf 89' lang='lat' dir='ltr'>donec</span> <span class='ocrx_word' id='word_1_172' title='bbox 239 2180 384 2254; x_wconf 78' lang='lat' dir='ltr'>terrigenae</span> <span class='ocrx_word' id='word_1_173' title='bbox 393 2179 505 2255; x_wconf 82' lang='lat' dir='ltr'>(facinus</span> <span class='ocrx_word' id='word_1_174' title='bbox 514 2179 666 2236; x_wconf 88' lang='lat' dir='ltr'>miserabile</span> <span class='ocrx_word' id='word_1_175' title='bbox 673 2178 691 2253; x_wconf 84' lang='grc' dir='ltr'>Ι)</span> <span class='ocrx_word' id='word_1_176' title='bbox 710 2179 802 2234; x_wconf 83' lang='lat' dir='ltr'>iratres</span> 
     </span>
     <span class='ocr_line' id='line_1_29' title="bbox 94 2256 688 2312; baseline 0.002 -3"><span class='ocrx_word' id='word_1_177' title='bbox 94 2268 131 2309; x_wconf 76' lang='lat' dir='ltr'>tna</span> <span class='ocrx_word' id='word_1_178' title='bbox 185 2258 253 2312; x_wconf 83' lang='lat' dir='ltr'>inter</span> <span class='ocrx_word' id='word_1_179' title='bbox 262 2274 291 2312; x_wconf 85' lang='lat' dir='ltr'>se</span> <span class='ocrx_word' id='word_1_180' title='bbox 300 2256 403 2311; x_wconf 85' lang='lat' dir='ltr'>strictas</span> <span class='ocrx_word' id='word_1_181' title='bbox 414 2274 570 2312; x_wconf 85' lang='lat' dir='ltr'>conseruere</span> <span class='ocrx_word' id='word_1_182' title='bbox 579 2273 688 2312; x_wconf 86' lang='lat' dir='ltr'>manus.</span> 
     </span>
     <span class='ocr_line' id='line_1_30' title="bbox 150 2329 877 2407; baseline -0.006 -20"><span class='ocrx_word' id='word_1_183' title='bbox 150 2331 264 2407; x_wconf 81' lang='lat' dir='ltr'>Pervigil</span> <span class='ocrx_word' id='word_1_184' title='bbox 274 2349 333 2388; x_wconf 83' lang='lat' dir='ltr'>ecce</span> <span class='ocrx_word' id='word_1_185' title='bbox 341 2331 424 2386; x_wconf 84' lang='lat' dir='ltr'>draca</span> <span class='ocrx_word' id='word_1_186' title='bbox 429 2331 552 2405; x_wconf 85' lang='lat' dir='ltr'>squamis</span> <span class='ocrx_word' id='word_1_187' title='bbox 562 2329 753 2404; x_wconf 82' lang='lat' dir='ltr'>crepitantibus</span> <span class='ocrx_word' id='word_1_188' title='bbox 764 2329 877 2385; x_wconf 85' lang='lat' dir='ltr'>horrens</span> 
     </span>
     <span class='ocr_line' id='line_1_31' title="bbox 187 2408 745 2479; baseline 0 -19"><span class='ocrx_word' id='word_1_189' title='bbox 187 2408 290 2477; x_wconf 76' lang='lat' dir='ltr'>sibilat3</span> <span class='ocrx_word' id='word_1_190' title='bbox 301 2414 326 2462; x_wconf 88' lang='lat' dir='ltr'>et</span> <span class='ocrx_word' id='word_1_191' title='bbox 334 2415 401 2463; x_wconf 81' lang='lat' dir='ltr'>torto</span> <span class='ocrx_word' id='word_1_192' title='bbox 410 2415 514 2479; x_wconf 84' lang='lat' dir='ltr'>pectere</span> <span class='ocrx_word' id='word_1_193' title='bbox 526 2408 607 2463; x_wconf 89' lang='lat' dir='ltr'>verrit</span> <span class='ocrx_word' id='word_1_194' title='bbox 619 2408 745 2465; x_wconf 89' lang='lat' dir='ltr'>humum.</span> 
     </span>
     <span class='ocr_line' id='line_1_32' title="bbox 151 2478 870 2556; baseline -0.007 -19"><span class='ocrx_word' id='word_1_195' title='bbox 151 2483 222 2538; x_wconf 80' lang='lat' dir='ltr'>Dotis</span> <span class='ocrx_word' id='word_1_196' title='bbox 231 2502 293 2556; x_wconf 89' lang='lat' dir='ltr'>opes</span> <span class='ocrx_word' id='word_1_197' title='bbox 303 2483 349 2539; x_wconf 90' lang='lat' dir='ltr'>ubi</span> <span class='ocrx_word' id='word_1_198' title='bbox 361 2490 445 2550; x_wconf 85' lang='lat' dir='ltr'>erant,</span> <span class='ocrx_word' id='word_1_199' title='bbox 466 2483 514 2539; x_wconf 91' lang='lat' dir='ltr'>ubi</span> <span class='ocrx_word' id='word_1_200' title='bbox 527 2492 582 2538; x_wconf 85' lang='lat' dir='ltr'>erat</span> <span class='ocrx_word' id='word_1_201' title='bbox 591 2491 656 2539; x_wconf 89' lang='lat' dir='ltr'>tunc</span> <span class='ocrx_word' id='word_1_202' title='bbox 665 2481 737 2555; x_wconf 75' lang='lat' dir='ltr'>regia</span> <span class='ocrx_word' id='word_1_203' title='bbox 751 2478 870 2536; x_wconf 80' lang='lat' dir='ltr'>coniux?</span> 
     </span>
     <span class='ocr_line' id='line_1_33' title="bbox 187 2553 857 2632; baseline -0.004 -20"><span class='ocrx_word' id='word_1_204' title='bbox 187 2559 289 2630; x_wconf 89' lang='lat' dir='ltr'>q&#39;uique</span> <span class='ocrx_word' id='word_1_205' title='bbox 301 2560 383 2614; x_wconf 87' lang='lat' dir='ltr'>maris</span> <span class='ocrx_word' id='word_1_206' title='bbox 392 2559 493 2632; x_wconf 78' lang='lat' dir='ltr'>gemini</span> <span class='ocrx_word' id='word_1_207' title='bbox 504 2559 613 2614; x_wconf 86' lang='lat' dir='ltr'>distinet</span> <span class='ocrx_word' id='word_1_208' title='bbox 621 2558 736 2614; x_wconf 84' lang='lat' dir='ltr'>Isthmos</span> <span class='ocrx_word' id='word_1_209' title='bbox 746 2553 857 2628; x_wconf 74' lang='lat' dir='ltr'>aquas?-</span> 
     </span>
    </p>
   </div>
   <div class='ocr_carea' id='block_1_3' title="bbox 89 2630 896 2711">
    <p class='ocr_par' dir='ltr' id='par_1_3' title="bbox 89 2630 896 2711">
     <span class='ocr_line' id='line_1_34' title="bbox 89 2630 896 2711; baseline 0 -26"><span class='ocrx_word' id='word_1_210' title='bbox 89 2647 130 2685; x_wconf 66' lang='lat' dir='ltr'>me</span> <span class='ocrx_word' id='word_1_211' title='bbox 142 2633 193 2687; x_wconf 77' lang='lat' dir='ltr'>Illa</span> <span class='ocrx_word' id='word_1_212' title='bbox 203 2652 260 2711; x_wconf 75' lang='lat' dir='ltr'>ege,</span> <span class='ocrx_word' id='word_1_213' title='bbox 274 2636 405 2708; x_wconf 87' lang='lat' dir='ltr'>quaetibi</span> <span class='ocrx_word' id='word_1_214' title='bbox 414 2653 478 2693; x_wconf 89' lang='lat' dir='ltr'>sum</span> <span class='ocrx_word' id='word_1_215' title='bbox 488 2652 562 2691; x_wconf 88' lang='lat' dir='ltr'>nunc</span> <span class='ocrx_word' id='word_1_216' title='bbox 572 2634 689 2706; x_wconf 79' lang='lat' dir='ltr'>deniqne</span> <span class='ocrx_word' id='word_1_217' title='bbox 697 2631 811 2686; x_wconf 77' lang='lat' dir='ltr'>barbara</span> <span class='ocrx_word' id='word_1_218' title='bbox 819 2630 896 2695; x_wconf 71' lang='lat' dir='ltr'>iacta,</span> 
     </span>
    </p>
   </div>
   <div class='ocr_carea' id='block_1_4' title="bbox 0 0 938 2962">
    <p class='ocr_par' dir='ltr' id='par_1_4' title="bbox 0 0 938 2962">
     <span class='ocr_line' id='line_1_35' title="bbox 0 0 938 2962; baseline 0 0"><span class='ocrx_word' id='word_1_219' title='bbox 0 0 938 2962; x_wconf 95' lang='lat' dir='ltr'> </span> 
     </span>
    </p>
   </div>
   <div class='ocr_carea' id='block_1_5' title="bbox 83 2892 204 2926">
    <p class='ocr_par' dir='ltr' id='par_1_5' title="bbox 83 2892 204 2926">
     <span class='ocr_line' id='line_1_36' title="bbox 83 2892 204 2926; baseline 0 0"><span class='ocrx_word' id='word_1_220' title='bbox 83 2892 204 2926; x_wconf 56' lang='lat'>*-</span> 
     </span>
    </p>
   </div>
  </div>
 </body>
</html>
