1868 2962
137 177 187 232 322
381 177 635 226 cousoufflo

136 281 212 339 llulti
223 279 403 336 iuteamissi:
424 297 482 346 nec,
500 277 681 335 cuitotturbe
691 277 833 343 bonerum,

81 371 106 414 au
173 355 262 412 omnis
271 355 316 411 eui
326 355 412 411 virtue
422 354 541 429 contigit,
566 369 641 408 unus
649 370 722 408 eras.

136 434 189 486 Nee
196 429 330 505 genetrice
339 438 384 486 tua
394 428 531 486 leeundior
539 426 594 498 ulla
604 436 765 500 pareutum:

173 504 289 562 tetbona
332 512 447 577 spartus
456 520 526 578 quae
534 502 608 559 dedit
616 519 672 559 una
682 502 763 559 duos.
810 551 815 562 .

135 581 207 637 lleul
219 598 269 653 par
277 579 296 635 il
309 579 346 635 ud
356 579 403 636 ubi
414 586 462 645 est,
474 577 583 635 tetidem
593 578 744 634 virtutibus
753 573 875 651 aequumi

174 663 200 713 et
208 672 317 712 consors
329 655 422 727 pietas,
443 669 492 709 nec
503 652 642 709 dubitatae
655 652 750 709 amori

82 742 107 785 ss
136 730 271 796 Vidimus,
291 729 433 786 attonitum
442 726 660 798 fraternemorta
681 729 812 786 Neronem

174 804 297 878 squalida
308 803 440 877 premissa
453 801 514 858 flere
523 820 571 875 per
578 821 625 860 ora
633 819 721 870 soma,

138 878 352 951 dissimilemque
362 879 406 934 sui
415 877 494 934 vultu
506 878 645 950 profitente
653 878 784 936 dolorem.

175 955 223 1011 llei
233 954 315 1011 mihil
338 970 421 1026 quam
431 952 677 1010 tetoluctusinere
686 952 753 1010 iuitl

138 1030 178 1086 Tu
189 1038 277 1086 tamen
287 1035 405 1085 extremo
414 1028 576 1085 moriturum
585 1035 706 1101 tempore
715 1027 821 1085 fratrem

83 1115 109 1159 tt
175 1104 281 1175 vidisti;
302 1102 675 1161 lacrimesviditetilletuas:

138 1179 266 1254 alligique
277 1180 335 1236 suis
345 1179 462 1237 moriens
471 1187 517 1235 tua
527 1186 631 1252 pectora
642 1179 737 1247 sensit,

176 1263 201 1309 et
211 1256 296 1311 tenuit
305 1254 383 1311 vultu
396 1255 499 1311 lumina
509 1254 562 1310 lixa
571 1261 632 1310 tuo.

128 1328 252 1396 lumina,
274 1329 395 1386 caerulea
405 1329 459 1385 iam
470 1329 708 1403 iamquenetentia
718 1337 811 1396 morte,

176 1404 290 1473 lumina,
309 1404 439 1462 internas
449 1405 503 1460 iam
512 1405 636 1461 subitura
646 1420 757 1461 mentis.

85 1494 111 1537 95
139 1481 333 1538 Atmiserande
377 1499 440 1538 rens
451 1498 577 1554 suprema
588 1478 851 1553 nequeoseuleflaa,

175 1557 273 1634 frigida
284 1575 332 1615 nee
352 1558 409 1615 ovit
417 1556 537 1613 membra
547 1563 676 1611 tremente
684 1556 764 1612 sinu:

141 1652 195 1689 non
205 1634 327 1689 animum
338 1633 459 1705 apposito
468 1631 614 1706 lugientem
624 1631 729 1703 excepit
740 1630 831 1699 hiatu3

178 1724 225 1763 uec
235 1709 314 1761 traxit
323 1724 413 1762 caeses
423 1725 471 1779 per
482 1716 526 1762 tua
537 1705 657 1762 membre
666 1722 768 1761 eomas.

138 1783 240 1853 Raptus
249 1799 278 1835 es
288 1781 402 1847 absenti,
423 1781 489 1837 dum
501 1781 588 1837 teleta
598 1779 668 1836 belle
678 1789 826 1846 merantur,

87 1869 123 1910 luu
175 1853 266 1910 utilior
275 1857 385 1929 patriae,
406 1857 558 1931 quamtibi‚
578 1857 672 1923 Druse,
694 1865 765 1912 tuae.

138 1930 277 2002 Liquitur:
293 1940 324 1986 ut
333 1933 485 2004 quondam,
505 1932 634 2008 Zephyris
642 1939 669 1987 et
677 1931 782 1988 solibus
791 1930 855 1989 letae

70 2027 73 2034 ·
120 2010 123 2016 '
176 2004 444 2074 solvunturteneree,
465 2026 527 2064 vere
536 2015 647 2080 tepente,
668 2007 756 2064 nives.

139 2081 175 2134 Te
184 2080 316 2152 queritur,
337 2097 471 2155 casusque
483 2082 579 2149 melos,
600 2081 814 2156 irrisequetalis,

176 2163 440 2228 accusatqueannos‚
467 2167 497 2214 ut
506 2158 647 2224 diuturna,
668 2175 743 2214 suos.
793 2205 796 2210 .

84 2240 123 2284 1⁰⁵
139 2231 211 2288 Telis
223 2231 403 2298 inumbrusis‚
424 2234 499 2289 mitis
512 2233 722 2307 nuncdenique,
742 2232 821 2291 silvis

175 2306 252 2364 dellet
261 2308 414 2364 Threicium
425 2309 533 2364 Daulias
542 2308 596 2365 ales
608 2311 683 2384 Ityn:

138 2380 304 2458 llaleyouum
315 2382 379 2439 tales
391 2392 498 2440 ventosa
508 2401 679 2457 peraequare
688 2392 802 2457 questus

176 2457 210 2512 ad
222 2460 318 2514 surdas
328 2460 401 2516 tenui
413 2476 477 2516 voce
489 2469 619 2516 sonantur
629 2479 724 2533 equas.

139 2531 182 2588 sic
189 2532 313 2606 plumosa
325 2535 403 2591 novis
413 2535 568 2612 plangentes
578 2544 683 2608 pectora
693 2535 790 2608 munis

73 2619 117 2668 llo
170 2608 292 2681 Oeniden
303 2613 412 2675 subitae
423 2611 606 2677 concinuistis
615 2627 692 2667 aues.

115 2691 251 2760 &euasit
261 2693 419 2779 Clymene:
444 2684 749 2766 siaetsslumeue'iues,
765 2677 819 2730 alae
