1868 2962
263 169 440 217 REMEDIA
459 170 617 216 AMORIS.
762 167 812 221 293

10 248 20 315 i
66 267 173 323 Etirete
183 275 253 324 mota
269 270 359 339 vides;
380 277 406 325 et
415 269 495 326 debes
507 269 552 325 itta
563 271 663 327 timere.

104 343 199 399 Utilior
209 344 275 400 velie
284 346 423 418 postmodo
432 343 528 400 ventus
538 347 596 400 erit.
828 360 867 402 280

67 417 140 486 Quae
156 419 205 474 tibi
220 436 315 477 neusse
334 418 431 496 fugae?
456 422 517 477 Non
536 420 581 475 hic
600 439 668 477 nova
681 422 756 478 Troia
772 441 814 477 re-

602 514 650 551 sur
669 497 702 552 it:

103 586 159 624 non
170 567 269 642 aliquis
278 569 364 627 socios
374 588 468 628 rursus
479 571 512 626 nd
522 589 596 628 arma
607 514 692 627 vocgat.

65 645 114 700 Hic
124 661 201 700 amor
209 654 235 700 et
243 663 297 718 pnx
305 654 359 715 est3
379 645 408 701 in
417 665 471 720 qua
481 646 551 703 maie
559 646 685 704 vulneror
695 667 764 705 una:

103 726 213 792 tntaque
220 720 273 776 sub
282 738 363 795 regno
375 728 442 776 terra
452 720 540 778 future
552 731 597 779 tuo
607 730 655 777 est.

64 793 113 850 Ille
124 792 292 867 loquebatur,
313 813 408 851 navem
418 795 537 852 solvebat
547 797 651 860 Ulixes:
829 812 868 854 285

103 870 178 925 irrita
188 886 251 926 eum
259 869 327 927 velis
336 870 416 927 verbe
427 871 510 927 tulere
521 873 592 928 Noti.

63 945 158 1010 Ardet,
178 952 205 999 et
213 942 332 1002 assueta's
343 945 417 1003 Circe
427 947 550 1003 tendebat
558 947 592 1002 ad
607 957 689 1004 artes:

103 1028 249 1079 nectnmen
260 1028 301 1076 eet
310 1020 364 1076 illis
374 1029 524 1078 attenuatus
535 1040 618 1078 amor.

63 1093 86 1150 E
122 1095 274 1169 equiequis
284 1113 361 1170 opem
371 1105 459 1152 nostra
471 1097 519 1162 tibi
532 1098 619 1169 poscis
632 1099 665 1152 ab
675 1107 738 1165 arte,

124 1187 183 1226 eme
192 1171 328 1228 veneficiis
338 1171 558 1245 carminibusque
567 1172 704 1227 iidem.¹
829 1186 868 1229 nte

64 1246 94 1302 Si
103 1252 130 1300 te
139 1263 233 1303 nausea
243 1257 336 1319 potens
345 1246 452 1304 domina
463 1247 587 1304 retinebit
599 1249 625 1303 in
641 1248 723 1316 Urbe3

104 1321 203 1393 accipe,
223 1321 366 1378 eonsilium
376 1323 450 1396 quod
459 1324 495 1379 sit
503 1322 532 1379 in
542 1322 612 1378 Urbe
623 1341 723 1378 meum.

64 1394 249 1469 Optimusiile
260 1396 310 1454 fuit
320 1397 428 1464 vindex,
450 1396 578 1467 laedentia
588 1407 680 1469 pectus

91 1469 215 1548 =vinnula
224 1471 272 1544 qui
283 1473 365 1545 rupit,
385 1471 557 1544 dedoluitque
568 1471 660 1525 semel.

65 1545 129 1612 Sed,
150 1546 193 1601 cui
204 1554 307 1603 tantum
319 1547 462 1612 animiest,
482 1545 561 1601 illum
570 1545 687 1602 mirabor
697 1556 722 1600 et
733 1548 803 1619 ipse:
830 1562 868 1604 295

104 1629 131 1674 et
139 1619 236 1687 (licem¹
256 1621 364 1678 Monitis
375 1638 428 1676 non
437 1628 496 1696 eget
505 1621 555 1675 iste
565 1621 642 1675 meis,

66 1695 108 1750 Tu
120 1695 197 1762 mihi,
217 1696 275 1769 qui,
295 1696 462 1769 quodam,
485 1713 562 1772 aegre
571 1684 687 1751 dediscis
698 1714 800 1766 amare3

106 1786 155 1824 nee
163 1778 246 1842 potes,
267 1778 293 1825 et
301 1770 383 1827 velles
393 1789 481 1844 posse,
501 1770 636 1828 doeendus
646 1773 709 1827 eris.

65 1847 150 1917 saepe
159 1844 225 1900 refer
234 1853 320 1901 tecum
334 1845 473 1902 sceleratae
484 1845 549 1902 iacta
559 1845 673 1919 puellae,

104 1927 130 1974 et
138 1930 276 1992 poneante
286 1921 475 1979 oculosomnie
485 1921 582 1977 damna
592 1930 662 1979 tuos.
830 1933 868 1976 300

66 1992 138 2049 Illud
148 2002 174 2049 et
183 1993 248 2052 illud
259 1996 354 2053 hebet:
383 2015 432 2054 nec
441 2015 470 2052 ea
481 1998 601 2053 contenta
611 1998 703 2072 rapina

106 2069 158 2125 sub
168 2070 275 2145 titulum
286 2082 390 2129 nostros
400 2072 474 2128 misit
484 2091 562 2129 avara
572 2072 649 2129 lares.

68 2145 114 2200 Sic
124 2145 192 2202 mihi
203 2147 315 2203 iuravit:
333 2149 375 2214 nic
386 2166 429 2204 me
439 2149 524 2203 iurata
537 2147 638 2215 tetettit,

105 2229 167 2276 ante
179 2239 243 2277 suns
252 2224 357 2295 quoties
364 2230 446 2296 'passa
457 2224 540 2279 iacere
550 2223 632 2280 forest

64 2293 160 2370 Diligit
169 2296 226 2369 ipsa
236 2296 315 2354 alios:
336 2315 404 2352 ame
414 2296 536 2373 fastidit*
567 2299 616 2354 nri⁴
830 2308 868 2350 305

104 2371 288 2428 Institorheui
313 2382 411 2439 noctes,
430 2391 546 2445 qunsmi
568 2372 704 2438 inundat,
717 2371 811 2426 habet!

65 2446 137 2502 Haec
150 2447 198 2501 tibi
211 2464 258 2518 per
269 2456 334 2504 totns
344 2448 494 2503 inacescant
502 2449 592 2505 omnia
602 2465 713 2503 sensus:

105 2520 171 2576 haec
183 2520 264 2577 refer:
285 2522 349 2578 hinc
358 2523 411 2578 odii
425 2525 528 2579 semina
539 2540 636 2595 quaere
649 2522 698 2577 tui.

66 2594 157 2668 Atque
166 2596 268 2653 utinam
279 2615 371 2669 posses
381 2598 459 2655 etiam
470 2596 603 2655 facundus
612 2598 644 2654 in
651 2596 710 2653 ttttn

105 2672 179 2724 esset
194 2671 387 2747 Dolenntum3
408 2684 509 2751 sponte
517 2674 725 2734 nisennsene.
856 2672 907 2712 W
