1868 2962
210 148 375 197 AMORUM
393 149 461 195 LIB.
480 150 524 194 111.
543 151 598 195 EL.
620 150 663 196 12.
757 147 807 199 205
884 156 900 191 ο

54 252 112 309 Aut
120 250 239 309 formosa
252 248 321 307 iores
330 251 437 317 minus,
457 250 608 306 autminus
621 251 751 381 iffprobs

596 344 629 381 ve
649 345 706 382 em:

95 419 152 458 non
163 399 225 457 lacit
233 400 268 457 ed
278 418 365 458 mores
374 408 429 456 tam
439 400 509 457 bone
517 399 602 456 forma
612 401 706 458 malos.

57 480 139 534 Facta
149 483 253 532 merent
260 477 368 546 odium;
389 476 468 531 iacies
478 483 569 531 exorat
581 494 707 532 emonem.

95 554 140 610 Me
149 550 294 608 miserum!
315 552 389 608 vitiis
398 552 462 625 plus
471 550 541 608 valet
551 550 597 605 illa
606 552 675 607 suis.

57 631 155 694 Pareo,
175 626 317 700 perelecti
328 627 434 682 socialia
445 628 518 692 iura,
539 644 587 699 per
596 645 700 694 omnes,
837 638 861 685 ll

96 703 147 777 qui
156 701 222 757 dant
233 701 362 758 fallendos
372 720 402 758 se
411 701 460 757 tibi
470 719 563 773 saepe,
584 702 657 768 deos,

57 795 163 852 perque
171 786 246 833 tuam
257 777 367 843 faciem,
388 778 479 852 magni
490 777 557 832 mihi
567 778 689 834 numinis
699 779 792 845 instar,

97 871 201 927 perque
209 860 269 910 tuos
279 851 384 920 oculos,
405 853 453 926 qui
463 870 573 925 rapuere
582 871 669 924 meos3
717 910 719 914 .

58 927 197 1003 quidquid
206 928 268 994 eris,
284 945 343 984 mea
352 946 457 1001 semper
466 929 528 983 eris.
549 929 590 984 Tu
599 929 681 1004 selige
693 937 808 998 tantum,

98 1021 144 1060 me
152 1021 262 1077 quoque
270 1004 338 1059 velle
347 1004 429 1070 velis,
450 1021 519 1059 anne
528 1012 634 1060 coactus
644 1022 742 1060 amem.
838 1019 862 1061 sc

59 1081 156 1136 Lintea
165 1078 226 1134 dem
235 1081 339 1151 potius,
360 1081 502 1152 ventisque
512 1077 658 1134 ferentibus
667 1087 736 1148 utar,

98 1162 146 1222 ut,
166 1155 292 1228 quamvis
302 1155 400 1220 nolim,
421 1162 705 1230 engeramaretamen.
765 1182 776 1201 ·

253 1331 495 1388 ELEGIA
542 1333 619 1387 ΧΗ.

61 1443 139 1521 Quis
149 1450 336 1519 mitilenis,
356 1469 410 1524 quo
420 1451 504 1505 tristia
517 1469 622 1523 semper
635 1454 734 1509 amanti

100 1527 194 1586 omina
204 1547 258 1584 non
267 1528 343 1584 albae
352 1526 527 1583 concinuistis
537 1527 618 1581 aves‘?

59 1604 170 1679 quodve
178 1611 270 1676 putem
279 1604 356 1660 sidus
367 1602 464 1658 nostris
475 1619 612 1657 occurrere
622 1602 709 1658 votis?

99 1697 204 1753 quosve
212 1679 275 1736 deos
288 1679 317 1735 in
327 1696 371 1734 ms
380 1677 449 1734 bella
459 1695 566 1733 movere
574 1676 689 1751 querar?

59 1756 138 1824 Quae
147 1755 227 1810 modo
235 1755 304 1811 dicta
316 1772 375 1810 mea
384 1762 433 1820 est,
454 1772 538 1827 quam
547 1755 619 1827 coepi
630 1753 703 1809 solus
714 1773 812 1823 amare,
854 1769 864 1809 5

98 1848 164 1886 cum
173 1830 266 1885 multis
275 1849 366 1886 vereor
377 1848 410 1885 ne
419 1829 455 1883 sit
465 1830 587 1884 habenda
598 1829 675 1884 mihi.

60 1904 213 1963 Fallimur?
231 1923 266 1962 an
276 1906 373 1961 nostris
384 1905 501 1959 innotuit
512 1903 557 1959 ille
568 1903 683 1959 libellis?

99 1980 223 2037 Siceral:
244 1981 352 2068 ingenio
360 1981 476 2052 prostitit
485 1979 529 2034 ills
539 1998 608 2035 meo.

59 2058 97 2112 El
105 2057 210 2112 merito.
231 2055 302 2124 Quid
311 2057 383 2111 enim
394 2055 493 2111 formae
502 2055 639 2127 praeconia
650 2054 717 2111 leci?

99 2130 251 2188 Vendibilis
264 2131 342 2204 culpa
352 2130 418 2187 lacta
429 2129 517 2203 puella
527 2149 585 2186 mee
594 2139 644 2186 est.
840 2142 864 2184 10

60 2209 105 2265 Me
114 2205 210 2263 lenone
219 2206 317 2280 placet:
339 2207 406 2262 duce
415 2224 458 2261 me
467 2207 612 2278 productus
622 2214 723 2262 amator

100 2283 185 2338 lanua
195 2299 242 2354 per
255 2290 358 2337 nostras
370 2290 410 2338 est
419 2282 541 2354 adaperta
551 2300 659 2338 manue.

60 2358 103 2414 An
115 2357 230 2430 prosint,
242 2358 358 2413 dubium
371 2367 424 2425 est3
446 2366 594 2414 nocuerunt
603 2355 721 2412 carmina
730 2363 808 2410 certe.

100 2432 221 2489 Invidiae
232 2433 329 2488 nostris
340 2431 384 2487 ille
396 2433 467 2487 luere
476 2433 564 2490 bonis.

60 2509 155 2578 Quum
167 2507 287 2574 Thebae,
308 2525 395 2581 quum
405 2508 482 2564 Troia
496 2509 575 2571 soret,
596 2524 683 2579 quum
693 2506 811 2562 Caesaris

602 2589 672 2649 acts,
845 2592 877 2630 vs

102 2658 242 2734 ingenium
252 2658 337 2717 movit
345 2657 401 2716 sola
413 2658 536 2720 Corinna
544 2675 655 2719 meum.
