1868 2962
179 161 297 223 nnus
317 162 548 239 nunuomnu
568 165 638 211 LIB.
658 167 691 211 11.
754 162 803 214 247

92 261 182 332 ardet;
204 273 229 318 et
239 263 267 317 in
277 262 354 320 vultu
364 259 476 338 pignera
487 266 583 320 mantis
593 266 682 322 habet.

51 339 85 395 in
96 337 199 394 farrum
208 336 385 411 flammasque
395 347 463 396 ruit.
485 341 623 413 positoque
637 342 728 398 decore

92 413 186 482 fertur,
208 420 239 469 ut
246 413 324 469 Aonii
337 414 464 470 cornibus
476 415 526 470 ieta
536 416 589 471 dei.
820 432 859 475 aaa

53 489 186 565 Coniugis
197 489 356 556 admissum,
377 488 528 562 violataque
538 491 595 546 iura
607 492 725 558 maritae,

92 566 206 621 barbara
215 582 262 638 per
272 573 346 621 natos
359 565 468 620 Phasias
479 565 534 620 ulta
544 584 618 621 suos.

55 641 145 696 Altera
154 640 212 695 dira
222 657 318 713 parens
331 640 396 696 haee
406 649 454 706 est,
465 658 548 714 quam
558 642 655 706 cernis,
668 643 796 699 hirundo:

58 752 63 760 -
93 716 221 788 adspice·
232 717 369 789 signatum
379 717 512 790 sanguine
520 725 613 788 pectus
624 718 713 773 hahet.

55 794 111 848 Hoc
120 792 189 847 hene
198 792 367 861 pompositas,
388 790 438 847 hoc
448 791 539 846 firmos
549 794 651 864 rumpit
664 812 781 850 amores:
805 808 858 850 aaa

93 867 208 923 crimina
217 875 282 922 sunt
291 867 376 922 cautis
386 865 435 920 ista
447 867 562 922 timenda
573 869 650 922 viris.

56 945 112 999 Nee
122 960 181 997 mea
192 959 240 997 vos
252 942 299 998 uni
314 941 394 998 donat
406 959 518 998 censura
527 943 642 1014 puellae.

93 1019 126 1073 Di
137 1016 248 1073 melius!
271 1017 317 1072 vix
328 1017 379 1072 hae
389 1025 471 1088 nupta
481 1025 570 1072 tenere
579 1026 672 1090 potest.

56 1089 167 1149 Ludite:
187 1092 235 1148 aed
247 1091 317 1147 furto
325 1092 424 1147 celetur
433 1092 512 1164 culpa
522 1093 649 1150 modesta.

93 1168 185 1225 Gloria
196 1169 293 1240 peccati
305 1167 378 1222 nulia
388 1167 500 1239 petenda
511 1170 549 1222 tui
560 1176 609 1223 est.
820 1181 858 1223 atu

56 1246 110 1298 Nae
119 1243 224 1298 dederis
234 1261 345 1307 munus,
366 1260 495 1317 eognossa
504 1243 576 1316 quod
588 1243 668 1298 altera
678 1245 776 1316 possit:

94 1337 144 1375 nec
152 1318 207 1375 sint
219 1318 353 1391 nequitiae
364 1325 481 1390 tempora
494 1328 563 1374 certa
573 1326 643 1374 tuae.
710 1316 713 1321 ⁴

58 1396 98 1460 Et,
120 1412 155 1450 ne
165 1394 283 1466 tecapiat
293 1393 400 1448 latebris
410 1394 462 1448 sibi
472 1393 571 1449 semina
582 1394 661 1458 notis,

97 1488 153 1526 non
163 1486 218 1525 uuo
227 1477 267 1523 est
276 1468 365 1525 omnis
376 1469 558 1524 convenienda
572 1468 639 1524 loco.

55 1546 89 1600 Et
98 1546 203 1619 quoties
213 1545 317 1608 scribis,
339 1550 406 1598 totas
416 1543 492 1615 prius
501 1544 559 1615 ipsa
569 1541 678 1598 tabelias
820 1554 858 1596 aaa
875 1574 880 1583 ·

93 1621 206 1693 inspice.
227 1620 290 1675 Plus
302 1618 412 1685 multae,
432 1636 515 1691 quam
529 1618 582 1673 sibi
593 1618 685 1685 missa,
706 1616 807 1691 legunt.

57 1697 139 1752 Laesa
150 1697 239 1752 Venus
250 1695 319 1750 iusta
329 1712 402 1750 arma
412 1702 509 1760 movet,
531 1693 669 1768 telumque
679 1694 801 1749 remittit:

93 1780 129 1838 at,
150 1770 229 1827 modo
238 1771 311 1844 quod
320 1778 413 1843 questa
423 1778 471 1835 est,
493 1772 550 1843 ipse
560 1788 680 1844 querare,
702 1769 772 1827 facit.

55 1848 127 1902 Dum
138 1845 189 1902 fuit
198 1846 303 1902 Atrides
315 1864 369 1902 una
378 1855 533 1912 contentus,
555 1854 581 1901 at
591 1847 635 1901 iiia

93 1930 165 1978 easta
176 1921 240 1990 tuin
262 1922 327 1977 vitio
335 1929 375 1977 est
384 1922 506 1993 improba
517 1921 583 1976 iacta
593 1922 654 1976 viri.
820 1929 858 1974 tau

56 1998 193 2063 Audierat,
215 1997 376 2071 laurumque
385 2015 468 2052 manu
478 1997 612 2069 vittasque
620 1996 746 2053 ferentem

95 2092 143 2146 pro
154 2082 213 2129 nata
224 2074 343 2148 Chrysen
356 2093 409 2130 non
420 2071 537 2129 valuisse
546 2091 605 2129 sua.

58 2150 195 2214 Audierat,
216 2149 339 2223 Lyrnesi,
361 2156 431 2214 tuos,
452 2148 574 2214 abducta.
596 2146 712 2214 dolores3

93 2223 217 2296 bellaque
226 2241 273 2296 per
283 2232 372 2294 turpes
386 2223 492 2296 longius
502 2223 556 2278 issa
566 2241 663 2278 moras.

56 2302 127 2356 Haec
137 2307 241 2354 tautum
251 2299 383 2354 audierat:
405 2297 552 2354 Priameide
563 2298 665 2353 viderat
674 2297 741 2366 ipsa.
821 2303 859 2348 tm

93 2360 184 2431 Viator
193 2381 248 2429 erat
257 2374 368 2446 praedae
380 2372 475 2446 praeda
486 2372 610 2445 pudenda
621 2387 695 2426 suae.

55 2450 122 2507 inda
131 2449 309 2579 Thyestiaden
320 2449 409 2505 animo
419 2448 589 2520 thalamoque
598 2446 708 2516 recepit3

93 2533 120 2581 et
129 2543 174 2581 ma
185 2542 200 2579 e
210 2531 361 2597 peccantem
371 2523 503 2598 Tyndaris
513 2523 568 2579 ulta
580 2522 669 2576 virum
678 2527 726 2574 est.

55 2601 131 2668 Quae
139 2601 209 2655 bana
217 2598 320 2664 coieris,
341 2599 365 2655 si
378 2615 433 2674 qua
444 2607 536 2657 tamen
545 2607 605 2656 aeta
613 2595 764 2672 patahmntx

80 2673 129 2726 illa
139 2672 203 2727 lieet
207 2681 330 2743 pateant,
354 2682 384 2733 tu
399 2684 497 2736 tamen
506 2695 604 2754 usque
614 2693 703 2751 nega.
857 2669 907 2711 nnn

834 2916 842 2925 .
880 2884 921 2926 A
