1868 2962
79 154 286 200 HEROIDES.
314 155 369 200 ΕΡ.
382 155 477 203 XVIII.
600 148 645 200 ⁴0!

40 251 141 309 foribus
151 253 244 327 patriis
255 253 406 328 egrediebar
415 271 518 310 amans.

35 348 52 394 r,
63 328 181 401 deposito
190 330 288 401 pariter
297 344 360 384 cum
369 337 441 385 veste
447 330 551 396 timore,

36 421 71 457 rm
83 403 186 477 liquido
196 403 304 459 brachia
315 405 385 459 lenta
395 405 471 460 mari.

36 479 60 533 ni
70 479 216 534 tremulum
223 480 366 552 praebebat
374 479 466 534 lumen
476 480 549 535 eunti
560 521 566 545 ,

36 571 70 608 ies
82 555 110 609 in
122 563 224 610 nostras
233 553 350 611 officiosa
360 553 429 610 vias.
679 566 704 608 en

45 629 205 702 suspiciens,
217 632 317 685 Faveas
326 648 343 686 ο
352 629 474 696 candida,
488 628 555 693 dixi,

36 706 189 761 ⁵antanimo
199 705 302 760 Latmia
312 713 442 761 saxatuo.

36 798 39 831 ;
48 780 201 854 Endymion
212 790 237 834 te
246 781 359 852 pectoris
369 798 427 836 esse
437 779 533 835 severi.

35 897 39 917 ,
52 872 153 927 precor,
165 855 258 910 vultus
267 855 301 910 ad
310 873 369 911 mea
380 855 449 910 iuna
459 865 530 910 tuos.

37 931 175 985 monadem
185 929 257 986 coelo
267 930 373 1003 delapsa
384 931 500 1002 petebas.
610 964 614 971 ·
679 941 705 985 ⁶5

35 1005 94 1076 aqui
106 1005 195 1061 liceat:
216 1023 298 1078 quam
309 1024 415 1078 sequor,
428 1006 486 1078 ipsa
495 1005 543 1060 dea
553 1012 601 1060 est.

35 1097 85 1133 nm
96 1098 182 1135 mores
191 1081 296 1136 coelesti
306 1089 409 1153 pectore
419 1081 530 1155 dignos3

38 1155 90 1209 nisi
101 1156 129 1209 in
140 1173 215 1210 veras
226 1173 279 1211 non
289 1155 360 1210 cadit
371 1155 414 1210 illa
423 1155 496 1210 deas.

36 1248 49 1284 s
59 1229 125 1284 facie
138 1240 241 1285 nonest
252 1231 325 1302 prior
336 1230 390 1286 ulla
400 1239 509 1302 tuaque.

35 1305 95 1359 neis
105 1305 195 1360 credas
205 1306 326 1372 vocibus,
338 1306 396 1378 ipsa
405 1305 476 1360 vide.
679 1313 706 1373 ⁷9

35 1398 54 1445 1,
63 1397 148 1452 quum
160 1380 240 1435 radiis
252 1380 338 1455 fulges
346 1389 469 1455 argentea
477 1379 564 1452 puris,

35 1454 497 1524 luntflammissideracunctatuis3

35 1531 113 1586 mosis
124 1529 264 1586 formosior
275 1531 402 1585 omnssnus
412 1529 457 1584 iila
468 1536 517 1583 est.

35 1605 101 1671 ritas,
112 1622 231 1671 caecum,
243 1604 368 1692 Cynthia,
384 1604 474 1659 lumen
486 1603 579 1659 habes.

36 1723 43 1746 ,
55 1680 96 1735 vel
106 1688 174 1735 certe
185 1699 237 1736 non
247 1681 290 1735 hrs
300 1680 414 1746 diversa,
427 1678 532 1735 locutus
680 1687 707 1732 15

35 1755 72 1810 ihi
83 1755 203 1810 cedentes
214 1765 289 1812 nocte
299 1755 401 1810 ferebar
409 1772 503 1827 aquas.

34 1848 159 1885 ercussae
170 1832 287 1886 radiabat
296 1832 414 1905 imagine
422 1831 523 1896 Lunae,

34 1924 50 1959 r
60 1906 89 1960 in
99 1907 176 1960 tacita
186 1915 260 1962 nocta
269 1906 385 1961 diurnus
398 1914 463 1960 erat.

34 1998 105 2036 evox
113 1990 216 2045 nostras
227 1999 349 2054 unquam
358 1981 483 2037 veniebat
491 1978 524 2034 ad
534 1995 624 2045 aures,

34 2055 170 2111 rdimotae
178 2074 286 2129 corpore
295 2074 421 2112 murmur
430 2071 524 2129 aquae.
681 2064 707 2107 80

34 2130 129 2197 rsoiae,
141 2149 271 2188 memores
282 2131 376 2206 Ceycis
385 2131 476 2198 amari,

43 2205 110 2278 qnid
120 2207 193 2262 visae
201 2214 266 2262 sunt
275 2206 344 2262 mihi
354 2206 432 2263 dulce
441 2204 530 2281 queri.

34 2280 144 2355 fatigatis
154 2282 266 2338 humero
275 2282 327 2337 sub
337 2291 450 2355 utroque
461 2278 574 2345 lacertis,

34 2356 84 2411 rin
95 2373 216 2411 summas
225 2357 312 2432 erigor
321 2357 391 2413 altus
402 2375 496 2429 aquas.

37 2430 44 2484 1
55 2430 163 2503 adspexi
176 2431 276 2498 lumen,
288 2434 364 2488 Mons
373 2433 446 2507 ignis
455 2433 484 2486 in
495 2429 541 2487 ilic
551 2434 606 2498 osv,
682 2440 707 2482 85

34 2522 104 2571 eum,
118 2506 185 2573 dixi,
197 2507 283 2564 littora
292 2525 394 2562 numen
404 2507 511 2561 habant.

34 2579 128 2636 ›lassis
138 2583 209 2637 viras
219 2583 319 2640 rediere
328 2582 448 2639 lacertis:

34 2672 63 2721 re,
76 2674 158 2730 qnam
169 2658 267 2733 fuerat,
280 2660 392 2722 mollior
402 2657 580 2720 nndamdii.
