1868 2962
131 157 179 211 442
321 159 350 204 P.
373 155 501 204 ovlnn
519 157 688 204 NASONIS

73 275 98 318 oo
164 262 234 318 Mars
245 258 323 316 abiit:
345 259 424 334 signo
434 275 506 315 nunc
516 259 606 315 Venus
619 267 679 331 apta
689 267 745 317 tuo.

129 335 421 401 Prositutadveniens,
443 352 476 390 en
486 334 609 407 adspice,
630 335 706 392 dives
716 343 818 396 amator

165 413 285 485 teoupit;
306 420 433 476 novumn,
454 410 522 483 quid
531 411 579 465 tibi
590 410 672 477 desit,
693 411 784 469 habat.

129 490 176 545 Est
184 489 264 544 etiam
275 485 368 554 iacies,
389 503 459 559 quoe
467 504 497 542 so
509 486 557 541 tibi
568 495 717 559 comparet,
739 488 795 547 illis

165 567 189 620 si
199 572 224 620 to
234 570 394 620 nonemtam
407 561 500 628 veliet,
521 562 727 620 emendussrat.

74 653 99 694 35
128 639 273 714 (Erubuit.)
292 636 437 695 Decetalba
447 637 556 711 quidem
567 639 654 710 pudor
663 656 725 695 ora:
748 640 848 698 sedisti

166 715 326 779 mimulos,
347 714 467 786 prodest:
489 731 569 769 verus
582 714 675 769 obosso
687 715 764 772 solet.

129 792 219 860 Quum
231 793 297 847 bene
306 790 413 845 deiectis
422 790 555 864 gremium
566 790 698 861 spectabis
708 792 810 859 oonsilio,

166 866 426 942 quantumquisquo
437 865 515 931 ierat,
537 866 791 937 respiciendusorit.

130 945 250 1001 Forsitan
261 941 392 1007 incultae,
414 942 488 996 Tatio
499 949 638 1015 regnanto,
659 941 776 1000 Sabinae

75 1033 100 1075 so
167 1019 306 1076 noluerant
316 1017 418 1073 habiles
426 1016 552 1089 pluribus
561 1033 620 1072 esso
629 1017 706 1074 viris.

129 1098 208 1152 Nunc
218 1096 288 1150 Mars
298 1095 414 1149 externis
423 1094 527 1150 animos
537 1100 639 1149 oxoroet
651 1094 680 1150 iu
692 1095 791 1153 armis:

167 1179 193 1227 at
203 1171 292 1227 Venus
302 1171 405 1225 Aeneae
414 1177 507 1244 regnat
516 1169 544 1224 in
554 1169 620 1225 urbs
630 1169 684 1224 sui.

129 1246 239 1304 Ludunt
251 1246 389 1302 formosae.
420 1245 496 1302 Casta
507 1254 556 1310 est,
577 1262 660 1317 quom
672 1263 752 1304 nemo
762 1249 849 1324 rogavi

168 1333 233 1388 aut,
254 1322 277 1376 si
287 1321 422 1376 rusticitas
432 1338 484 1376 non
496 1328 579 1386 vetat,
601 1321 659 1392 ipsa
669 1330 754 1397 rogat.

75 1407 100 1452 io
131 1401 182 1454 Has
192 1415 315 1471 quoquo,
337 1414 405 1469 quas
416 1395 509 1452 frontis
520 1414 602 1472 rugas
612 1397 641 1453 in
651 1399 750 1455 vertioe
759 1408 848 1474 portas

167 1482 272 1531 excute:
294 1473 326 1528 do
336 1472 533 1547 rugisorimina
544 1472 628 1528 muita
638 1474 742 1530 cadent.

131 1551 258 1622 Penelopa
267 1550 338 1605 viros
348 1550 478 1604 iuvenum
488 1549 605 1604 tentabat
615 1548 643 1603 in
653 1566 733 1606 arcu:

167 1627 214 1699 qui
227 1626 296 1681 intus
306 1631 443 1699 argueret,
465 1641 578 1679 corneus
587 1641 666 1679 arcus
676 1632 742 1682 erat.

130 1703 240 1758 Labitur
250 1700 364 1765 occuito,
386 1699 507 1772 iaiiitquo
516 1699 631 1756 volatilis
641 1707 722 1768 nous,

75 1791 100 1832 su
167 1785 197 1832 ιιι
205 1776 273 1831 celer
282 1775 408 1830 admissis
418 1774 612 1831 labituramnis
622 1777 712 1848 aquis.

129 1853 195 1909 Auro
208 1852 292 1907 nitent
300 1869 368 1920 usu;
389 1851 472 1906 vestis
482 1852 552 1908 bona
562 1854 667 1925 quaerit
675 1853 784 1926 haberi;

166 1936 311 1983 canescunt
321 1928 393 2000 turpi
403 1935 468 1983 tecta
478 1927 567 1982 relicta
577 1928 642 1983 situ.

129 2005 238 2070 Forma,
260 2004 313 2059 nisi
323 2003 461 2070 admittas,
483 2002 558 2060 nullo
566 2011 704 2059 exercente
712 2007 841 2078 senescit,

167 2097 215 2135 nec
224 2079 715 2136 satiseffootusunusotaltarhabsnt.

76 2169 100 2209 55
130 2154 372 2221 Certioromuitis,
394 2173 442 2211 nan
451 2164 506 2210 tam
519 2155 666 2221 invidiosa,
687 2157 782 2229 rapina
791 2165 842 2214 est.

167 2231 266 2288 Praeda
275 2231 349 2287 venit
357 2231 431 2286 oanis
441 2231 475 2287 do
483 2249 564 2306 grege
576 2230 655 2304 plana
665 2231 748 2304 iupis.

130 2310 211 2375 Ecca,
231 2307 357 2381 quidiste
366 2315 430 2362 tuus
440 2315 543 2380 praeter
552 2325 621 2365 nova
630 2308 749 2364 carmina
761 2319 834 2367 votas

168 2383 266 2440 donat?
292 2383 424 2439 Amatoris
435 2383 520 2439 miliia
530 2383 615 2439 muita
625 2381 708 2458 legas.

131 2461 189 2530 Ipse
199 2461 265 2516 deus
276 2467 382 2524 vatum,
403 2457 474 2534 palla
485 2458 638 2531 spectabilis
648 2477 738 2527 aurea,

77 2548 101 2589 io
168 2544 260 2592 tractat
270 2538 406 2592 inauratae
415 2552 532 2591 oonsonn
542 2535 587 2591 fila
598 2535 681 2610 lyrae.

124 2608 278 2680 (irridebit,
300 2612 346 2671 iile
355 2611 406 2671 tibi
415 2628 515 2687 magno
524 2611 562 2667 sii
568 2611 652 2666 maior
662 2611 786 2671 Homero.

152 2688 341 2757 Credemihi.
366 2710 410 2750 res
419 2697 463 2750 ost
471 2687 634 2766 ingeniosa.
651 2683 727 2739 osas.

94 2894 131 2926 A
215 2896 241 2925 h.
