1868 2962
178 141 297 190 ARTIS
320 143 551 193 AMATORIAE
570 145 642 190 LIB.
661 143 693 191 11.
755 139 807 195 257

59 245 115 300 Nec
122 241 259 316 platanus,
279 243 411 310 moisem,
430 251 516 316 potest
524 245 651 301 obsistere
659 254 748 316 vento,

97 326 123 374 et
133 317 242 374 laedunt
252 318 339 374 nudos
347 326 422 390 prata
435 319 537 375 novelle
547 319 636 392 pedes.

60 393 165 450 Scilicet
175 386 336 449 Hermionen
345 392 458 449 Helenae
467 411 627 467 praeponere
636 397 746 467 posses?

97 476 123 524 et
133 467 227 524 melior
239 468 335 542 Gorge,
356 477 601 541 quamsuamater,
621 470 694 526 erat?
821 487 860 528 τοο

60 543 102 600 Ad
111 544 241 600 Venerem
252 543 409 616 quicunque
418 543 491 600 voles
501 544 629 619 attingere
639 564 738 616 seram3

97 619 121 674 si
131 618 211 676 modo
220 617 336 684 dureris,
356 619 475 692 praemia
484 620 567 694 digna
579 618 655 675 feres.

60 694 192 750 Conscius
202 711 263 748 ecce
272 693 340 749 duos
349 694 449 766 accepit
458 693 540 750 lectus
551 704 684 751 amantes:

97 767 250 825 adthnlnmi
263 768 379 835 clausas,
399 770 486 836 Musa,
507 770 686 826 resisteioros.

60 844 158 916 Sponte
168 861 218 899 sua
228 844 287 899 sino
297 851 322 899 te
330 844 499 900 celeberrima
510 845 590 901 verba
601 845 758 919 loquentur:
822 859 860 901 rou

97 936 146 975 nec
156 937 254 974 monus
264 920 293 975 in
304 919 369 976 lecto
379 919 452 975 laeva
465 920 559 976 iacebit
567 920 649 977 iners.

61 995 200 1051 Invenient
209 993 297 1068 digiti,
317 995 384 1066 quid
394 1003 475 1069 agunt
483 996 511 1050 in
521 997 643 1066 partibus
654 997 717 1063 iilis,

97 1070 127 1125 in
136 1069 238 1143 quibus
248 1068 349 1125 occu'lte
358 1069 461 1142 spicula
472 1071 651 1143 tingitdmor.
698 1102 701 1107 ·

60 1145 133 1200 Fecit
142 1147 171 1201 in
181 1143 367 1200 Andromache
376 1145 452 1217 prius
461 1144 512 1200 hoc
520 1143 681 1201 fortissimus
694 1148 795 1202 Hector.

97 1221 158 1275 Non
168 1219 257 1299 scium
268 1218 345 1274 bellis
355 1219 429 1275 utilis
440 1218 554 1275 illeiuit.
627 1234 633 1244 ·
822 1234 861 1276 710

61 1295 168 1351 Fecitet
177 1295 206 1351 in
216 1301 291 1366 copta
301 1295 447 1369 Lyrneside
455 1312 570 1370 magnus
579 1294 706 1363 Achilles,

97 1388 186 1444 quum
195 1379 326 1443 premerq
335 1369 443 1426 mollem
454 1369 541 1426 lassus
551 1371 585 1426 ab
593 1372 669 1427 hoste
679 1381 776 1429 torum.

61 1444 383 1520 lllistemanihustnngi,
404 1446 498 1513 Brisei,
518 1446 636 1512 sinebas,

98 1521 218 1576 imbutae
227 1519 342 1595 Phrygia
352 1537 422 1592 quae
431 1537 494 1575 nece
504 1537 608 1590 semper
618 1520 711 1574 erant?

61 1614 95 1651 an
105 1595 158 1652 fuit
167 1596 218 1652 hoc
227 1595 327 1667 ipsum,
348 1594 421 1668 quod
431 1602 464 1661 te,
486 1594 594 1661 lasciva,
615 1594 726 1662 iuvaret,
822 1610 861 1652 715

99 1671 133 1727 ed
144 1679 190 1726 tun
207 1671 323 1726 victrices
334 1671 453 1726 membra
463 1669 555 1726 venire
565 1668 681 1725 manus?

61 1746 144 1803 Crede
153 1745 232 1812 mihi,
251 1746 361 1803 Veneris
370 1766 424 1803 non
434 1754 474 1802 est
486 1745 650 1819 properanda
660 1745 791 1821 voluptas,

98 1820 147 1876 scd
156 1821 257 1877 sensim
269 1821 341 1877 tnrda
350 1821 509 1894 perficienda
520 1840 604 1876 mora.

61 1895 153 1964 Quum
163 1895 219 1953 loce
231 1898 369 1970 repereris,
390 1915 459 1970 quae
470 1898 543 1970 tangi
554 1895 652 1951 femine
661 1897 771 1970 gnudet;

98 1990 152 2027 non
163 1971 258 2038 obstet,
280 1979 372 2046 tangas
382 1990 437 2045 quo
447 1972 539 2026 minus
549 1969 608 2038 illa,
630 1971 726 2045 pudor.
823 1985 861 2027 720

60 2046 201 2118 Adspicies
210 2046 300 2104 oculos
311 2047 424 2104 tremulo
434 2045 538 2120 fulgore
547 2048 684 2114 micantes,

98 2129 130 2177 ut
138 2120 178 2178 sol
189 2140 204 2178 a
215 2121 317 2195 liquida
327 2141 405 2196 saepe
413 2121 525 2196 refulget
534 2140 614 2196 aqua.

60 2197 194 2254 Accedent
202 2206 324 2271 questus,
345 2197 450 2253 accedat
459 2197 573 2253 amabile
584 2216 716 2262 murmur,

97 2281 124 2328 et
132 2271 225 2328 dulces
234 2273 362 2347 gemitus,
383 2281 497 2344 apteque
507 2267 586 2328 verba
598 2274 664 2329 icoo.

60 2347 113 2404 Sed
123 2365 212 2420 nequo
223 2356 252 2404 tu
261 2347 413 2413 dominnm,
434 2347 500 2402 veiis
510 2348 657 2404 maioribus
669 2363 746 2411 usus,
823 2358 862 2400 725

97 2421 204 2490 desere,
225 2441 273 2479 nec
285 2440 381 2479 cursus
392 2431 494 2479 anteeat
504 2423 547 2478 illo
558 2432 627 2478 tuos.

60 2496 103 2554 Ad
113 2509 211 2555 metum
220 2508 357 2572 properate
366 2498 458 2553 simul.
479 2499 556 2552 Tunc
566 2496 643 2569 plena
655 2494 787 2568 voluptas,

98 2591 186 2648 quum
197 2576 293 2647 pariter
305 2574 365 2629 victi
377 2572 474 2629 femina
485 2573 581 2644 virque
595 2571 688 2625 iacent.

61 2648 110 2705 Hic
119 2649 168 2705 tibi
182 2649 329 2706 servandus
340 2659 414 2708 tenor
423 2658 474 2722 est,
495 2644 797 2725 quumi'memdnnmr
841 2674 856 2703 ν.

101 2730 174 2784 Ono.
195 2732 221 2784 T.
240 2734 261 2788 Ι.
524 2754 530 2765 ·
710 2733 745 2787 X&
