1868 2962
45 163 52 194 ²
138 175 189 230 666
337 177 365 222 r.
386 174 513 221 evron
531 174 703 221 unsours

174 284 315 335 ometurve
323 278 411 333 Bonae
420 293 524 347 semper
535 275 564 331 in
572 273 638 349 ¹urule
647 274 724 330 dese.
813 270 820 281 “

82 365 121 413 216
136 347 227 411 Dictus
237 371 309 408 eram
320 352 409 408 subito
419 350 527 407 cuidem
540 349 648 425 venisse
656 349 780 423 puellae,

175 428 281 485 turbide
291 445 430 500 perversas
439 426 528 482 induit
536 424 582 481 iila
590 434 694 483 comus.

137 505 264 561 Hostibus
274 504 378 560 eveniat
387 511 441 558 tam
452 501 520 558 foedi
530 518 625 559 caussa
635 502 760 575 pudoris,
773 568 777 573 ,

176 581 260 653 inque
270 598 356 636 nurus
365 579 476 634 Parthas
486 576 601 633 dedecus
611 575 682 635 illud
691 586 744 638 eat.
798 628 801 635 .

140 659 228 728 Turpe
246 673 328 728 pecus
347 651 489 719 mutilum,
511 652 597 725 turpis
617 653 678 709 sine
695 653 819 729 gramine

599 745 660 784 cam
680 747 762 797 us,.,.

85 820 124 863 250
177 815 202 861 et
212 806 270 861 sine
280 804 372 861 fronde
382 803 485 870 frutex,
506 811 532 858 et
540 803 600 859 sine
608 745 683 861 cridd
695 812 789 879 eaput.

140 883 200 938 Non
211 881 278 936 mihi
287 879 414 946 venistis,
435 877 551 946 Semele,
573 879 694 955 Ledeue,
715 879 859 949 dooendre3

178 973 279 1030 perque
288 955 385 1011 fretum
396 953 478 1021 falso,
499 952 606 1029 Sidoni,
628 963 705 1012 vecta
715 956 800 1014 bove:

142 1042 187 1088 aut
197 1031 308 1098 Helene,
327 1049 411 1104 quam
422 1049 475 1086 uon
490 1029 584 1097 stulte,
604 1029 740 1098 Menelee,
760 1030 882 1105 reposuis3

180 1117 207 1164 tu
219 1125 327 1181 quoque
338 1126 391 1163 non
402 1106 496 1173 stulte,
519 1106 610 1162 Troice
620 1114 728 1178 raptor,
749 1107 842 1164 hebes.

87 1195 126 1240 255
142 1185 231 1239 Turba
241 1183 358 1240 docenda
367 1183 450 1249 venit,
461 1191 552 1254 turpes
561 1179 749 1256 pulchraeque
754 1181 869 1256 puellae:

179 1259 310 1331 pluraque
319 1267 384 1313 sunt
393 1274 498 1329 semper
507 1257 635 1313 deteriora
644 1257 737 1317 honis.

142 1336 283 1389 Formosae
293 1335 385 1388 minus
397 1333 461 1388 artis
471 1350 550 1405 opem
559 1341 755 1406 praeceptoque
767 1339 872 1390 curant:

180 1417 219 1464 est
228 1408 281 1463 illis
293 1408 414 1474 suedos,
426 1406 655 1485 ¹formesinenrte
664 1417 772 1481 potens.

143 1484 233 1552 Quum
245 1484 499 1558 mareoompositum
510 1492 559 1550 est,
571 1501 683 1541 securus
693 1485 786 1543 navita
796 1491 887 1541 oessat:

89 1571 128 1615 266
180 1580 267 1634 quum
278 1568 376 1627 tumet,
396 1559 505 1631 auxiliis
515 1558 615 1617 assidet
623 1558 669 1615 ille
677 1561 749 1616 suis.

144 1638 210 1691 Rara
221 1645 310 1692 temen
321 1635 416 1692 menda
426 1634 507 1691 166166
516 1642 605 1692 earet..
612 1633 726 1692 ..066616
737 1635 862 1693 mendas:

181 1711 308 1783 quodque
317 1719 402 1784 potes,
422 1709 521 1767 vitium
531 1709 730 1784 eorporisebde
741 1712 793 1768 tui.

143 1786 171 1840 Si
182 1786 270 1842 brevis
281 1803 324 1853 es,
344 1785 450 1852 sedeas,
469 1803 503 1842 ne
512 1793 587 1851 stans
596 1785 703 1855 videare
713 1788 821 1845 sedere:

182 1862 265 1934 inque
273 1869 319 1918 tuo
330 1861 414 1918 iaceas
424 1861 739 1935 quantulacunquetoro.

90 1949 129 1993 266
144 1939 325 2011 Hiequoque‚
346 1957 380 1994 ne
393 1938 478 2012 possit
487 1936 545 1992 fieri
554 1955 681 1993 mensure
691 1940 830 2007 cubantis,
893 1951 897 1958 ·

183 2014 277 2069 iniecta
288 2013 384 2069 lateant
394 2013 434 2070 fae
446 2013 494 2069 tibi
503 2021 576 2070 veste
584 2013 676 2086 pedes.

145 2089 218 2157 Quae
228 2089 310 2145 nimis
320 2097 360 2147 est
371 2088 492 2164 gracilis,
515 2087 739 2162 pienovelsmina
749 2089 796 2146 fiio

183 2173 286 2221 sumat:
307 2172 332 2221 et
342 2181 375 2220 ex
386 2164 507 2220 humeris
517 2164 595 2223 laxus
605 2164 720 2221 amiotus
729 2174 784 2223 eat.

145 2240 252 2298 Pallida.
258 2239 401 2314 purpureis
411 2240 496 2315 tingat
505 2259 555 2297 sua
568 2258 678 2312 corpora
686 2241 790 2315 virgis:

91 2327 130 2370 270
183 2317 298 2391 nigrior,
319 2315 353 2372 ad
363 2316 453 2370 Pharii
463 2315 577 2391 coniuge
588 2317 670 2388 piscis
679 2333 771 2388 opem.

145 2394 194 2447 Pes
204 2391 291 2447 maius
302 2393 330 2447 in
341 2390 419 2447 nivea
429 2408 534 2464 semper
543 2390 641 2447 celetur
650 2390 738 2447 aluta:

184 2469 255 2522 arida
269 2485 316 2523 nec
325 2466 421 2524 vinclis
432 2484 509 2521 crura
520 2467 623 2523 resolve
631 2467 700 2522 suis.

147 2541 317 2598 Conveniunt
326 2551 418 2601 tenues
428 2542 545 2614 scapulis
558 2542 722 2615 aneleptides
733 2540 810 2613 altis3

180 2615 645 2692 166666661666166616666666666.

73 2710 115 2758 275
127 2698 246 2783 Exiguo
258 2699 357 2780 signet
365 2707 461 2779 gestu,
479 2687 821 2772 quodeunqueiouueeur,
