1868 2962
128 177 161 230 8d
325 183 356 229 P.
378 180 505 231 0v1D11
523 183 690 232 NASONIS

73 297 112 339 110
164 282 237 355 quod
245 290 346 354 poterat
355 283 429 340 salva
437 284 589 358 virginitate
598 285 666 356 rapi.

127 360 163 413 Da
173 358 298 427 ruodote3
319 360 406 414 Paridi
415 377 484 432 quae
494 360 529 414 sit
537 359 693 426 constantia,
705 378 810 417 nosces.

164 433 284 489 Flamma
295 436 352 509 rogi
362 434 482 490 flammas
492 435 567 490 finiet
575 453 629 491 una
638 452 723 491 meas.

127 510 270 581 Praeposui
280 511 370 585 regnis
380 527 429 583 ego
438 517 472 576 te,
484 527 554 582 quae
563 511 680 566 maxima
690 512 828 583 quondam

164 585 279 657 pollicita
291 591 331 641 est
341 585 418 641 nobis
428 593 511 656 nupta
521 603 648 658 sororque
656 587 742 642 iovis:

73 674 111 717 115
126 661 246 733 dumque
255 669 301 717 tuo
310 677 416 732 possem
425 660 589 716 circumdare
598 660 707 716 brachia
715 661 794 728 collo.

163 743 293 792 contemta
302 744 342 790 est
350 736 446 801 virtus,
458 734 563 791 Pallade
572 735 660 801 dante,
672 736 751 792 mihi.

126 814 181 867 Nec
190 811 272 885 piget,
283 819 329 865 aut
338 828 459 883 unquam
470 809 550 865 stulte
559 809 655 884 legisse
664 811 789 870 videbor:

164 893 301 959 permanet
311 886 339 940 in
348 893 409 941 voto
419 903 495 940 mens
504 903 563 940 mea
574 885 649 941 fiune
662 904 723 942 suo.

127 963 207 1034 Spem
216 961 295 1016 modo
305 978 338 1015 ue
348 968 465 1016 nostram
475 961 532 1017 fieri
542 961 642 1031 patiare
650 961 790 1029 caducam,

75 1053 112 1094 111
165 1037 299 1108 deprecor,
310 1044 407 1092 otento
415 1036 496 1110 digne
508 1036 597 1091 labore
605 1035 669 1108 peti.

127 1113 185 1169 Non
196 1129 245 1186 ego
253 1111 409 1186 coniugium
418 1128 560 1241 qenerosae
569 1111 684 1186 degener
692 1121 768 1184 opto:

165 1204 213 1242 nec
221 1204 290 1252 mea,
300 1187 376 1242 crede
387 1188 425 1242 mi
445 1187 464 1253 i,
479 1186 591 1258 turpiter
601 1205 669 1242 uxor
678 1187 742 1242 eris.

127 1261 226 1328 Pliada,
237 1262 261 1316 si
270 1279 391 1333 quaeras,
402 1263 431 1317 in
441 1269 529 1317 nosue
538 1269 626 1336 gente,
636 1263 781 1336 Iovemque

164 1337 299 1393 invenies:
320 1336 421 1393 medios
432 1344 688 1407 uttaoeamueavos.

73 1428 111 1469 115
127 1413 232 1484 Sceptra
243 1430 340 1485 parens
349 1411 436 1478 Asiae,
448 1429 502 1484 qua
512 1412 586 1468 nulle
594 1413 695 1469 beatior
704 1431 760 1480 ora,

165 1488 265 1544 finibus
274 1488 415 1544 immensis
425 1487 471 1543 vix
479 1487 611 1553 obeunda,
622 1495 702 1543 tenet.

128 1566 284 1619 Innumeras
294 1565 384 1630 urbes,
395 1571 475 1635 atque
483 1581 563 1618 aurea
573 1570 637 1618 tecta
647 1562 767 1619 videbis:

165 1657 287 1711 quaeque
297 1657 360 1695 suos
369 1639 441 1693 dicas
451 1637 549 1710 templa
558 1638 649 1693 decere
658 1638 731 1693 deos.

128 1714 194 1768 Ilion
204 1714 344 1784 adspicies,
356 1713 513 1785 firmataque
524 1713 644 1768 turribus
654 1711 714 1768 altis

74 1802 112 1843 110
164 1788 278 1851 moenia,
289 1787 423 1842 Phoebeae
432 1795 530 1844 structa
540 1806 634 1844 canore
645 1787 727 1862 lyrae.

128 1862 198 1930 Quid
208 1863 257 1917 tihi
267 1862 300 1918 de
311 1863 387 1918 turba
398 1880 503 1918 narrem
514 1880 679 1936 numeroque
688 1863 830 1920 virorum?

163 1938 216 1994 Vix
225 1937 356 2010 populum
367 1937 444 1994 celius
454 1939 567 1995 sustinet
576 1938 621 1994 illa
631 1957 722 1995 suum.
841 2002 844 2007 ¹

128 2013 272 2069 Occurrent
281 2013 364 2070 denso
372 2015 421 2069 tini
431 2014 544 2070 Troades
554 2014 661 2088 agmine
671 2021 778 2081 matres,

165 2105 213 2143 nec
222 2088 465 2166 capient'Phrygias
478 2089 542 2145 atria
552 2097 640 2145 nostra
650 2107 746 2144 nurus.

75 2177 113 2219 185
129 2163 151 2219 Ο
162 2163 265 2236 quoties
275 2163 356 2230 dices,
368 2164 455 2231 Quam
465 2182 566 2236 pauper
574 2163 674 2220 Achaia
685 2172 775 2221 nosue
785 2168 842 2221 esti

165 2240 223 2294 Una
233 2238 330 2294 domus
342 2240 453 2312 quaevis
463 2239 539 2295 urbis
549 2239 657 2295 habehit
666 2255 739 2310 opes.

128 2317 181 2370 Neo
191 2315 258 2369 mihi
268 2313 308 2369 fas
318 2314 396 2369 fuerit
405 2315 515 2386 spanen
524 2322 691 2381 contemnere
703 2322 831 2372 vestram.

165 2392 196 2445 In
207 2397 299 2463 quatu
310 2397 417 2455 nataae,
427 2397 496 2444 terra
506 2390 581 2445 beata
591 2389 658 2445 mihi
668 2398 716 2445 est.

104 2462 106 2467 '
129 2468 208 2520 Parca
218 2466 264 2520 sed
275 2473 314 2520 est
323 2465 427 2536 Sparte:
449 2464 562 2521 tuoultu
572 2464 654 2520 divite
663 2464 755 2539 digna.

75 2555 113 2596 110
166 2540 207 2594 Ad
216 2541 294 2595 talem
306 2539 417 2596 formam
430 2558 483 2596 non
493 2540 555 2595 iacit
564 2541 613 2595 iste
624 2538 707 2595 locus.

120 2618 197 2671 Hanc
206 2615 304 2673 faciem
316 2616 399 2695 largis
408 2616 468 2673 sine
477 2615 725 2688 irneparniibusuai

151 2692 324 2773 deliciisque
333 2696 412 2755 decet
418 2693 564 2753 luxuriare
572 2689 666 2746 nous.

168 2898 184 2925 h.
