1868 2962
235 169 446 216 HEROIDES.
476 171 532 215 ΕΡ.
546 171 615 218 xvi.
767 167 795 219 8l

55 268 173 324 constitit
182 276 243 324 ante
251 269 351 336 oculos,
362 277 436 324 actus
446 269 580 326 velocibus
590 269 649 339 alis,

92 343 209 400 Atlantis
218 345 310 419 magui
320 343 493 417 Pleionesque
502 361 598 416 nepes:

56 419 103 494 (fas
112 419 216 476 vidisse
228 418 295 489 luit3
317 419 357 474 ias
367 420 402 474 sit
411 421 478 475 mibi
491 420 549 476 visa
560 419 654 477 referre
661 422 678 498 τ)

92 497 178 568 inque
188 495 267 551 deidi
289 495 504 570 'tisaureavirga
516 493 580 550 fuit:

57 580 163 643 tresque
172 569 255 625 simul
266 513 351 637 filma,
361 571 462 637 Venus,
474 578 569 625 etcum
580 570 685 627 Pallade
694 573 770 638 lunc,
829 583 853 628 55

91 646 263 720 graminibus
274 652 376 702 teneros
385 645 536 717 imposuere
543 645 634 718 pedes.

56 720 202 793 Obstupui,
210 719 469 794 gelidusqueccmas
478 729 595 777 erexerat
603 723 705 788 horror,

92 814 182 869 quum
191 795 270 862 mihi,
282 796 353 851 Pone
360 805 472 862 metum,
483 797 595 852 nuntius
605 796 658 852 ales
669 794 714 853 ait'.

57 871 200 927 Arbiteres
209 869 323 926 formae:
343 872 485 927 certamina
495 873 559 927 siste
570 872 694 933 dearum:

92 947 200 1002 vincere
209 963 279 1019 quae
290 943 374 1002 forma
383 946 465 1021 dignu
477 947 512 1001 sit
521 964 575 1003 una
584 947 662 1003 duas.
829 960 854 1002 :u

58 1023 127 1078 Neve
136 1039 298 1087 recusarem,
309 1022 398 1079 verbis
408 1022 478 1077 lovis
487 1021 608 1094 imperat,
620 1031 681 1078 etse

92 1097 216 1170 protinus
222 1096 336 1152 aetheria
347 1095 414 1152 tollit
423 1097 451 1153 in
461 1104 530 1152 astra
539 1097 593 1152 via.

58 1173 130 1228 llens
141 1189 201 1227 mea
211 1171 354 1238 convaluit,
366 1172 509 1244 subitoque
517 1172 627 1227 andacia
637 1174 722 1228 venit:

94 1264 142 1303 nec
151 1246 232 1302 timui
241 1245 319 1302 vultu
328 1261 465 1320 quemque
474 1255 564 1303 nutare
575 1265 644 1303 mec.

59 1323 168 1379 Vincere
177 1329 252 1377 erant
260 1339 352 1377 omnes
362 1320 473 1398 dignae:
494 1323 628 1395 iudexque
638 1324 776 1396 querebar,
829 1335 840 1346 ·

94 1416 148 1454 non
159 1414 253 1454 omnes
262 1414 385 1452 caussam
395 1398 501 1454 vincere
510 1415 588 1470 posse
597 1416 686 1454 suam.

57 1472 108 1528 Sed
116 1481 207 1528 tamen
217 1489 250 1527 ex
262 1471 316 1528 illis
326 1473 381 1528 iam
393 1481 458 1528 tunc
467 1473 553 1547 magis
564 1491 619 1528 una
628 1473 760 1544 placebat:

93 1548 165 1603 hanc
176 1564 234 1604 esse
243 1556 272 1603 ut
282 1548 374 1614 scires,
385 1547 458 1603 unde
467 1555 589 1603 movetur
598 1565 681 1604 amor.

58 1625 196 1695 Tantaque
203 1623 327 1679 vincendi
338 1640 401 1678 cura
411 1631 464 1692 est3
486 1622 639 1697 ingentibus
649 1622 740 1678 ardent

94 1697 573 1755 iudiciumdonisscllicitaremeum.

56 1774 149 1848 Regna
158 1773 229 1829 lovis
238 1774 346 1840 coniux,
357 1775 483 1830 virtutem
494 1774 548 1829 lilia
559 1774 645 1829 iactat.

94 1849 155 1920 lpse
164 1857 257 1920 potens
267 1847 370 1915 dubito,
382 1849 510 1914 fortisan,
522 1867 580 1904 esse
588 1849 680 1905 velim.

57 1922 139 1978 Dulce
148 1924 239 1980 Venus
248 1923 316 1989 risit,
328 1925 381 1979 Nec
390 1932 424 1991 te,
435 1924 505 1990 Peri,
517 1941 628 1979 munera
639 1932 760 1999 tangant3

93 2007 208 2071 utraque
217 2000 341 2070 suspensi
353 1999 431 2071 plena
442 1999 554 2064 timoris,
566 1999 612 2055 ait.

56 2074 112 2130 Nos
121 2073 247 2129 dabimus
257 2074 330 2146 quud
339 2092 422 2139 ames,
433 2082 458 2129 et
467 2073 593 2146 pulchrae
604 2074 658 2130 filia
670 2075 755 2130 Ledae

94 2149 144 2204 ibit
154 2149 183 2204 in
192 2147 341 2222 amplexus,
352 2149 488 2222 pulchrior
497 2150 565 2222 ipsa,
576 2157 645 2206 tuos.

55 2225 142 2281 Dixit:
165 2231 191 2279 et
199 2242 232 2281 ex
242 2242 327 2297 aequo
336 2224 415 2280 donis
425 2224 562 2297 formaque
571 2226 690 2297 probata,

93 2299 222 2356 victorem
232 2300 304 2356 coelo
314 2300 404 2355 retulit
415 2299 461 2355 illa
470 2300 575 2372 pedem.

55 2377 169 2440 Interea,
180 2375 267 2442 credo,
279 2375 364 2432 uersis
373 2376 407 2431 ad
416 2393 539 2448 prospera
551 2374 621 2440 latis,

93 2450 187 2526 regius
197 2467 325 2526 agnoscor
333 2468 380 2522 per
388 2460 442 2506 rata
453 2450 529 2525 signa
538 2467 615 2522 puer.

56 2527 137 2582 Laeta
147 2525 244 2583 domus
255 2535 315 2582 natc
325 2544 372 2598 per
381 2534 498 2599 tempora
511 2525 589 2598 longa
599 2529 715 2592 receptc;

94 2600 170 2656 addit
179 2601 337 2658 etadiestos
347 2602 421 2658 bunc
429 2599 631 2677 qucqueTruie
639 2595 729 2657 trem.

50 2676 327 2809 Urgueeqtpeupio,
343 2678 383 2735 sic
391 2697 439 2740 me
447 2680 563 2757 cupiere
573 2676 688 2758 puellae
693 2697 707 2752 3

102 2769 148 2805 rm.
189 2795 195 2808 .
224 2797 231 2810 .
725 2766 751 2824 p
