1868 2962
154 142 186 194 32
340 148 368 194 P.
389 146 517 194 OVIDII
543 148 710 195 NASONIS

190 255 215 302 et
224 265 287 320 quo,
309 246 331 301 si
343 264 396 302 non
407 247 460 303 sim
470 249 560 316 stulta,
581 267 668 304 carere
678 247 769 305 velim.

153 324 212 377 Non
225 330 312 377 tamen
323 321 440 391 Aenean,
461 325 587 397 quamvis
595 324 664 380 male
673 324 781 399 cogitat,
803 324 862 379 odi:

99 408 124 450 30
190 397 236 452 sed
245 414 342 469 queror
350 397 474 465 infidum,
487 407 635 473 questaque
643 400 720 472 peius
730 416 801 454 emo.

153 474 232 528 Parce
240 474 331 529 Venus
341 475 433 540 nurui,
453 474 607 547 durumque
616 474 773 547 amplectere
782 474 900 540 fratrem,

191 546 375 605 fraterAmnr:
395 550 489 604 castris
499 547 593 604 militet
602 549 647 604 ille
657 550 724 619 tuis;

155 631 209 688 eut,
221 640 270 699 ego
279 641 361 696 quem
370 625 443 697 coepi
449 624 545 698 (neque
556 625 629 680 enim
639 623 790 699 dedigncn)
800 642 899 691 amare,

190 700 328 755 materiam
338 716 417 754 curae
426 701 549 772 praebeat
558 698 603 754 ille
612 717 696 755 meae.

100 784 124 827 35
151 773 248 841 Fallor,
263 782 288 830 et
297 775 347 830 ista
356 774 423 831 mihi
434 773 501 831 falso
512 775 623 830 iactatur
632 774 731 850 imago.

191 850 282 905 Matris
293 850 327 904 ab
336 849 445 925 ingenio
454 849 565 906 dissidet
576 850 621 906 ille
630 866 704 906 sune.

154 926 189 978 Te
203 924 280 996 lapis,
301 933 449 993 etmontes,
469 926 615 998 innataque
624 926 738 997 rupibus
751 922 812 981 altis

190 1001 293 1067 robora,
314 1007 443 1057 tesaevae
451 1019 614 1075 progenuere
623 1001 704 1056 ferae:

154 1083 199 1129 aut
208 1093 293 1141 mare,
313 1076 393 1149 quale
403 1077 479 1132 vides
488 1077 582 1151 agitari
593 1093 665 1131 nunc
674 1093 783 1148 quoque
797 1077 898 1147 ventis,

100 1159 124 1203 tu
187 1168 242 1221 quo
269 1158 358 1207 tamen
368 1153 487 1208 adversis
497 1152 622 1208 fluctibus
631 1152 670 1206 ire
678 1169 767 1223 paras.

154 1225 213 1291 Quo
223 1224 312 1300 fugis?
321 1226 415 1283 Obstat
423 1228 524 1282 hiems:
536 1228 633 1282 hiemis
643 1227 709 1281 mihi
716 1226 899 1300 gratiaprceit.

191 1299 314 1372 Adspice,
335 1310 366 1357 ut
375 1319 480 1357 eversas
490 1302 601 1358 concitat
609 1303 700 1357 Eurus
709 1319 804 1374 equas.

154 1375 231 1441 Quod
241 1376 290 1431 tibi
300 1376 452 1443 maluerim,
473 1376 532 1432 sine
542 1395 585 1432 me
594 1376 689 1433 debere
700 1376 832 1449 procellis.

191 1451 288 1507 iustior
296 1459 337 1507 est
345 1453 436 1510 enimn
444 1460 541 1509 ventus
551 1460 576 1508 et
586 1451 657 1508 unde
666 1461 721 1509 tun.

100 1534 125 1580 tu
150 1528 209 1582 Non
220 1546 269 1603 ego
278 1545 340 1583 sum
350 1529 425 1596 tanti,
446 1529 572 1601 quamvis
585 1528 725 1593 merearis,
746 1528 849 1601 inique,

191 1611 221 1657 ut
230 1622 331 1676 pereas,
352 1604 418 1660 dum
431 1621 474 1660 me
482 1622 530 1677 per
538 1603 603 1659 freta
613 1601 692 1679 longa
702 1601 784 1677 iugis.

153 1679 266 1733 Exerces
275 1680 389 1751 pretiosa
400 1679 470 1746 odia,
491 1686 517 1733 et
525 1679 672 1734 constantia
683 1696 790 1752 magno,

192 1754 224 1819 si,
246 1754 312 1809 dum
326 1772 475 1821 macareus,
497 1755 593 1809 esttibi
606 1753 747 1809 vilemori.

155 1830 209 1882 Iam
220 1830 291 1884 venti
301 1838 410 1902 ponent,
431 1837 564 1902 strataque
574 1828 719 1901 aequaliter
728 1831 810 1896 unde,

101 1917 125 1957 55
190 1904 316 1960 caeruleis
332 1906 422 1961 Triton
432 1923 479 1978 per
488 1922 562 1960 mare
570 1913 658 1959 curret
666 1904 754 1976 equis.

155 1981 194 2032 Tu
205 1998 312 2052 quoque
323 1997 385 2034 cum
396 1981 482 2036 ventis
494 1981 598 2036 utinam
608 1979 745 2035 mutabilis
755 1997 841 2036 esses:

191 2064 224 2120 et,
248 2056 299 2109 nisi
309 2054 407 2109 duritie
417 2056 510 2112 robora
520 2056 617 2122 vincis,
638 2057 701 2111 eris.

154 2130 233 2196 Quid,
255 2131 278 2185 si
290 2131 425 2196 nescieris,
446 2131 542 2186 insana
552 2130 619 2203 quid
631 2147 744 2203 aequore
754 2130 877 2202 possint?

190 2207 320 2276 Expertae
330 2207 404 2260 tnties
415 2223 497 2278 quam
508 2205 578 2261 male
587 2206 672 2261 credis
683 2203 787 2278 aquae?

100 2293 124 2333 55
151 2281 183 2334 Ut
193 2281 286 2355 pelago
296 2281 423 2336 suadente
432 2282 512 2336 etiam
521 2280 664 2337 retinacula
674 2279 773 2346 solveS,

191 2357 275 2412 muita
286 2365 373 2411 mmen
386 2356 456 2412 latus
466 2357 549 2412 tristia
560 2365 657 2429 pontus
666 2355 756 2411 habet.

153 2433 207 2487 Nec
217 2432 330 2488 violasse
338 2432 418 2487 fidem
428 2433 592 2488 tentantibus
604 2450 719 2505 aequora
728 2433 846 2504 prodest.

190 2509 317 2564 Perfidiae
324 2526 424 2582 poenas
433 2508 516 2582 exigit
525 2507 570 2563 ille
579 2507 667 2565 locus:

146 2584 293 2654 praecipue
303 2602 388 2657 quum
400 2583 488 2640 laesus
497 2583 595 2652 Am0r3
617 2583 681 2656 quia
696 2591 780 2638 mater
793 2584 900 2640 Amoris

79 2667 108 2703 rc
172 2657 251 2713 nude
261 2657 433 2734 Cytheriacis
442 2659 515 2719 edita
524 2659 607 2718 fertur
617 2658 708 2734 aquis.
