1868 2962
179 149 297 198 annas
315 149 545 197 annuamus
569 149 640 197 mn.
660 118 679 196 r.
748 144 800 201 227

93 251 212 309 Arbitrio
220 251 343 308 dominae
353 257 471 322 tempora
479 249 559 322 perde
570 257 638 306 tuae.

55 326 167 384 Sedtibi
177 344 226 383 nec
235 325 303 382 ferro
310 325 543 398 placeattorquere
552 324 674 396 capillos:
815 338 854 380 505

92 420 143 459 nec
151 410 198 457 tua
206 401 323 457 mordaci
332 401 440 472 pumice
449 417 526 455 crura
535 410 613 454 teras.

54 481 107 534 Ista
117 477 182 533 iube
190 475 295 542 iaciant,
318 493 434 547 quorum
446 474 570 536 vaele'in
581 482 663 529 mater

91 552 243 608 concinitur
252 551 377 625 Phrygiis
387 537 522 605 exululata
532 550 630 606 modis.

56 629 155 684 Forma
165 627 237 682 viros
248 624 365 700 neglecta
373 625 457 681 decet.
486 625 603 681 Minoida
614 625 732 680 Theseus

92 701 214 768 abstulit,
234 699 640 771 anullatemporacomtusacu.
815 714 854 756 500

55 774 364 851 llippclytumPhaedre‚
379 783 487 831 necerat
495 775 563 830 bene
571 783 685 840 cerutus,
697 776 805 831 amavit.

94 852 165 909 Cura
174 851 248 917 deae,
269 850 370 906 silvisa
390 857 444 916 tus,
465 849 565 905 Adonis
576 859 639 906 erat.

56 926 204 984 Munditiaa
212 924 346 998 placeant:
396 934 503 981 seentur
512 943 620 998 corpora
630 926 743 997 Campo:

94 1003 130 1057 sit
137 1002 207 1056 bena
214 1001 390 1066 conveniens,
408 1008 433 1055 et
443 1001 502 1055 sinc
512 999 649 1075 labetaga.

56 1078 217 1152 Linguaque
226 1093 260 1131 ne
270 1075 367 1149 rigeat:
389 1082 495 1130 careant
504 1076 628 1150 rubigine
637 1076 742 1132 dentes:
817 1088 856 1130 515

94 1168 144 1208 nec
152 1149 348 1225 ragusinlaxa
357 1166 405 1221 pes
415 1150 463 1203 tibi
472 1149 542 1222 pelle
551 1158 631 1205 natet.

56 1229 111 1297 Nec
120 1225 191 1282 male
200 1224 328 1281 deformet
340 1223 440 1299 rigidos
450 1232 557 1281 tonsura
567 1225 677 1298 capillos
690 1250 692 1255 ·

93 1303 223 1367 sitcoma,
243 1300 305 1355 sitd
337 1299 454 1356 tabarba
464 1309 560 1356 resecta
570 1319 663 1356 mann.

56 1378 91 1432 Et
100 1375 170 1432 nihil
179 1375 301 1431 emineau
357 1375 762 1451 tsintsinesordibusungues:

94 1452 179 1524 inque
188 1467 253 1506 cava
262 1449 356 1506 nullus
366 1457 417 1505 stet
426 1451 473 1505 tibi
485 1468 548 1504 nare
557 1450 640 1521 pilus.
818 1465 857 1506 500

56 1528 112 1582 Nec
121 1524 191 1581 mala
200 1524 301 1581 odorati
312 1526 349 1581 sit
356 1525 440 1579 tristis
449 1524 583 1579 anhelitus
592 1526 660 1579 cris:

95 1618 145 1656 nec
156 1600 241 1655 laedat
251 1617 327 1656 unes
336 1600 432 1673 virque
440 1607 568 1671 paterque
575 1600 674 1674 gregis.

57 1676 164 1732 Caetera
175 1675 288 1730 lascivae
296 1674 407 1740 faciant,
430 1674 556 1741 concede,
579 1675 697 1746 puellae:

95 1758 122 1806 et
130 1750 153 1805 si
164 1750 227 1822 quis
240 1750 309 1805 male
317 1751 360 1806 vir
369 1750 472 1822 quaerit
485 1750 581 1805 habere
592 1751 691 1807 virum.

56 1827 125 1881 Ecce
135 1826 492 1882 sunmvatemLibervocat.
513 1827 679 1898 Hicqucque
689 1832 808 1880 amantes
820 1837 857 1880 525

97 1900 221 1969 adiuvat3
241 1908 266 1956 et
274 1899 405 1966 flammae,
424 1917 478 1972 qua
489 1899 555 1955 calet
563 1901 630 1972 ipse,
652 1899 731 1957 iavet.

58 1976 158 2033 Gnosis
168 1976 196 2031 in
206 1976 304 2050 ignotis
315 1993 408 2031 amens
418 1975 522 2030 errabat
536 1977 632 2042 arenis,

95 2067 150 2123 qua
160 2051 249 2107 brevis
259 2050 396 2123 aequoreis
404 2050 452 2105 Dia
461 2049 554 2105 lenitur
562 2051 651 2123 aquis.

59 2126 147 2198 thue
156 2134 339 2182 eratasomno
348 2126 437 2180 tunica
446 2125 531 2180 velata
541 2127 664 2192 recincta,

97 2200 170 2257 nuda
180 2201 284 2273 pedem,
305 2217 409 2255 croceas
418 2200 550 2275 irreligata
559 2219 663 2269 comas;
820 2212 858 2253 530

58 2276 160 2331 Thesea
169 2275 304 2332 crudelem
313 2275 409 2330 surdas
418 2275 548 2331 clamabat
558 2277 591 2332 ad
601 2277 697 2340 undas,

95 2350 209 2425 indigne
218 2358 319 2407 teneras
329 2350 416 2406 imbre
425 2352 526 2425 rigante
540 2370 632 2425 genas.

58 2426 206 2492 Clamabat,
216 2424 349 2498 flebatque
359 2426 455 2495 simul;
476 2426 523 2481 sed
532 2436 677 2498 utrumque
686 2424 807 2480 decebat:

95 2517 146 2557 nec
156 2499 221 2555 facta
231 2509 271 2556 cst
281 2500 399 2556 lacrimis
408 2502 510 2573 turpior
520 2501 565 2556 illa
574 2501 642 2555 suis.

57 2579 169 2648 lamque
178 2577 274 2631 iterum
284 2574 401 2632 tundens
410 2575 568 2632 mollissima
578 2574 808 2648 pantanum
820 2586 867 2625 555

94 2649 215 2706 Perfidus
222 2650 268 2708 ille
276 2651 357 2710 abiit:
378 2651 449 2729 quid
457 2648 602 2711 miluiret‘l
624 2651 677 2710 ait.

673 2739 736 2795 W
