1868 2962
186 75 306 124 ARTIS
324 75 557 122 AMATORIAE
577 78 647 124 ΜΒ,
668 76 690 121 Ι.
759 73 809 125 233

61 177 154 250 Saepe,
167 178 254 242 Mane,
264 177 341 242 dixit,
359 194 445 248 quum
456 178 508 231 iam
520 184 670 248 properaret
678 176 809 235 Achilles:

98 252 251 310 fontanam
295 254 344 307 sita
356 261 489 306 sumserat
498 269 572 306 arma
580 251 647 308 eolo.

61 329 109 386 vis
120 328 169 383 ubi
181 271 310 383 nunciis
320 326 378 381 est?
396 327 462 399 quid
472 326 570 381 blanda
579 344 644 382 voce
653 330 764 384 moraris

99 411 235 459 auctorem
248 404 350 475 stupri,
372 402 522 468 Deidamia,
544 401 603 457 tui‘?

61 479 177 543 Scilicet,
198 479 324 550 utpudor
333 485 373 533 est
382 478 520 551 quondam
530 477 648 548 coepisse
657 479 786 550 prlorem5
826 491 867 535 tot

49 566 52 577 ’
99 555 139 608 sio
147 553 201 610 alio
209 563 317 629 gratum
326 562 365 608 est
374 553 517 625 incipiente
528 554 592 625 pati.

62 629 119 687 ahl
142 628 228 684 nimia
237 637 277 684 est
284 629 406 702 propriae
416 629 508 684 iuveni
518 629 616 684 liducia
626 627 733 695 formae,

100 712 221 777 expectet
230 705 253 759 si
263 706 341 777 quis,
361 704 427 759 dum
437 705 510 776 prior
520 703 566 759 illa
577 712 659 777 roget.

63 781 111 837 Vir
120 780 195 853 prior
205 780 324 835 accedat:
345 780 387 836 vir
397 781 478 836 verba
487 780 621 851 precantia
632 780 711 835 dicat.

99 855 223 928 Excipiet
233 855 343 911 blandas
355 855 469 912 molliter
478 854 523 910 illa
532 872 634 928 preces.
827 867 867 911 alo

61 932 97 986 Ut
106 930 221 1003 potiare,
242 948 319 1005 roga:
341 938 445 986 tantum
455 932 530 1002 cupit
542 930 588 984 illa
599 929 696 1004 rogari.

100 1008 139 1061 Da
148 1024 272 1062 caussam
281 1006 336 1062 voti
345 1006 564 1078 principiumque
574 1005 623 1060 tui.

62 1082 165 1155 Iupiter
174 1082 209 1137 ad
219 1090 319 1139 veteres
329 1081 445 1153 supplex
454 1081 580 1137 Heroides
591 1080 659 1135 ibat:

100 1158 230 1230 corripuit
240 1175 370 1232 magnum
381 1156 455 1212 nulla
465 1156 555 1228 puella
564 1158 663 1211 lovem.
688 1163 689 1166 ’

62 1233 92 1289 Si
103 1233 353 1306 tamenapreoibus
363 1232 480 1288 tumidos
490 1232 611 1287 accedere
620 1230 704 1286 fastus
828 1244 867 1286 715

101 1309 232 1377 senseris;
253 1309 357 1380 incepto
366 1325 458 1380 parce,
479 1306 599 1379 referque
607 1307 712 1378 pedem.

63 1383 142 1451 Quod
153 1382 260 1458 refugit,
276 1383 375 1438 multae
385 1384 512 1454 cupiunt:
533 1383 621 1448 odere,
637 1383 710 1454 quod
720 1383 810 1436 instat.

101 1459 203 1514 Lenius
212 1459 337 1515 instando
346 1459 432 1513 taedia
442 1457 503 1513 tolle
514 1460 564 1512 tui.

62 1537 119 1590 Nec
128 1551 191 1606 spes
200 1543 240 1590 est
248 1535 359 1590 Veneris
370 1551 475 1606 semper
483 1532 630 1606 profitenda
644 1532 762 1606 roganti:

101 1611 183 1666 intret
191 1610 323 1666 amicitiae
333 1610 441 1666 nomino
451 1617 535 1665 tectus
546 1625 630 1663 amor.
829 1619 868 1661 teo

62 1687 120 1742 lloc
129 1684 204 1743 aditu
212 1686 268 1742 vidi
279 1687 384 1741 tetricae
393 1687 453 1741 data
462 1686 543 1741 verba
551 1682 671 1757 puellae:

102 1761 152 1834 qui
161 1760 247 1817 luerat
255 1762 355 1828 cultor,
375 1760 461 1817 factus
471 1768 572 1817 amator
581 1767 646 1814 erat.

64 1836 204 1894 Candidus
213 1837 242 1892 iu
253 1846 334 1893 nauta
346 1838 432 1908 turpis
443 1836 527 1892 color:
550 1835 672 1906 aequoris
684 1834 756 1889 unda
825 1840 829 1847 ’

102 1912 195 1979 dehet,
215 1920 265 1969 eta
276 1913 357 1967 radiis
368 1912 478 1976 sideris,
499 1928 557 1966 esse
567 1913 655 1985 niger:

64 1989 152 2060 turpis
161 1995 187 2042 et
196 1986 340 2062 agricolae,
361 1988 409 2061 qui
423 2004 529 2042 vomere
538 2004 643 2058 semper
653 1984 766 2049 adunco,
830 1992 869 2034 725

102 2072 128 2118 et
136 2064 266 2138 gravibus
276 2064 368 2140 rastris
379 2063 431 2118 sub
442 2063 502 2119 love
513 2071 601 2119 versat
610 2063 735 2117 humum.

63 2140 99 2194 Et
108 2146 152 2204 tu,
173 2137 306 2194 Palladiae
315 2139 413 2210 petitur
422 2139 465 2193 cui
477 2137 547 2194 fama
558 2154 679 2202 coronae,

101 2213 215 2269 candida
225 2214 249 2269 si
260 2213 489 2286 luerintcorpora,
510 2215 597 2284 turpis
607 2214 669 2266 eris.

63 2287 164 2343 Palleat
173 2289 262 2344 omnis
272 2307 379 2344 amans:
400 2288 471 2345 color
479 2298 520 2344 est
530 2289 574 2343 hio
583 2295 662 2358 aptus
673 2283 783 2338 amanti.

102 2365 157 2419 lloc
167 2363 254 2419 decet:
275 2364 326 2418 hoc
335 2363 413 2419 vultu
423 2382 476 2420 non
485 2364 604 2419 valuisse
618 2367 719 2431 putent.
829 2368 869 2410 73⁰

63 2438 185 2493 Pallidus
195 2438 224 2493 in
233 2439 328 2512 Lyrioe
337 2438 413 2492 silvis
422 2440 525 2493 errabat
533 2437 631 2492 Orion:

102 2513 222 2586 pallidus
234 2515 263 2568 in
276 2513 346 2568 lenta
356 2513 438 2567 Naida
448 2513 568 2585 Daphnis
578 2517 642 2564 erat.

64 2594 168 2664 Arguat
178 2596 204 2644 et
214 2590 312 2645 macies
323 2589 458 2644 animum:
480 2605 528 2643 nec
539 2594 616 2659 turpe
625 2584 742 2660 putaris,
