1868 2962
129 160 179 215 Μ
314 163 343 209 Ρ.
365 161 492 209 ovmrr
509 160 683 209 Nasoms

166 267 283 340 ingenua
293 263 434 336 speculum
444 263 607 319 sustinuisse
619 279 715 318 manu.

129 342 186 409 iile.
207 340 328 414 fatigatae
340 339 471 395 uincendo
482 346 600 394 monstra
611 355 749 402 novercae,

166 415 214 487 qui
223 415 322 470 meruit
330 415 444 479 coelum,
455 413 529 485 quod
538 413 611 485 prior
620 413 680 484 ipse
688 411 759 478 tulit,

130 493 198 546 inter
208 490 325 546 Ioniacas
334 489 469 545 calathum
481 488 599 543 tenuisse
611 486 718 560 puellas

76 580 114 624 220
167 566 294 631 creditur,
316 573 341 620 et
351 565 425 619 lanas
438 563 587 619 excoluisse
596 562 689 618 rudes.

131 643 223 697 Paruit
232 642 344 713 imperio
353 640 477 694 dominae
486 638 646 713 Tirynthius
662 638 751 694 beros.

169 720 181 773 1
192 734 274 782 nunc,
295 724 320 769 et
328 714 421 769 dubita
433 713 509 779 ferre,
530 713 604 786 quod
615 711 661 768 iiie
671 713 742 768 tulit.

132 796 226 848 Iussus
237 790 329 846 adesse
338 788 403 854 foro,
425 790 499 844 iussa
510 789 643 843 maturius
652 788 720 844 hora

171 868 211 922 iac
221 883 325 937 semper
335 865 441 933 venias;
464 882 512 920 nec
522 864 575 919 nisi
590 881 668 918 serus
678 864 734 920 abi.

78 956 117 999 225
133 944 262 998 Occurras
272 941 362 1012 aliquo
372 940 420 994 tibi
430 939 540 1008 dixerit3
562 939 653 994 omnia
667 938 754 995 differ.

171 1018 267 1085 Curre;
290 1033 337 1070 neo
347 1015 484 1086 inceptum
495 1015 572 1069 turba
584 1023 704 1070 moretur
712 1015 772 1070 iter.

134 1096 215 1148 Nocte
223 1091 333 1148 domum
346 1100 465 1162 repetens
475 1089 562 1162 epuiis
572 1087 712 1162 perfuncta
723 1089 830 1144 redibit:

173 1177 237 1223 tunc
246 1184 355 1241 quoque
364 1184 412 1237 pro
421 1184 507 1231 servo,
520 1166 543 1220 si
554 1172 630 1220 vocat
640 1163 696 1232 illa,
718 1165 791 1222 veni.

134 1245 205 1297 Rure
214 1244 272 1307 erit,
294 1252 319 1297 et
328 1242 411 1307 dicet,
432 1242 543 1309 Venias;
565 1241 648 1295 Amor
657 1239 715 1295 odit
724 1241 832 1308 inertem

81 1330 119 1373 230
174 1320 197 1372 si
208 1326 262 1373 rota
272 1317 394 1381 defuerit,
416 1324 445 1371 tu
456 1317 523 1387 pede
535 1333 613 1388 carpe
622 1315 708 1371 viam.

136 1397 191 1448 Nco
203 1410 285 1466 grave
295 1401 318 1446 te
331 1402 437 1464 tempus
449 1392 576 1447 sitiensve
586 1391 715 1446 Canicula
727 1393 818 1456 tardet,

175 1486 223 1523 nec
232 1469 276 1523 via
287 1486 334 1540 per
347 1467 427 1523 iactas
436 1466 549 1522 candida
559 1465 626 1521 facta
636 1466 725 1522 nives.

137 1544 246 1600 Militiae
256 1544 356 1616 species
366 1561 440 1598 amor
450 1551 503 1597 est:
524 1541 665 1606 discedite,
687 1560 795 1617 segnes.

175 1621 233 1676 Non
243 1628 307 1674 sunt
317 1619 381 1673 haec
391 1619 492 1672 timidis
502 1618 581 1691 signa
590 1616 691 1672 tuenda
701 1619 779 1675 viris.

84 1706 121 1748 2³5
137 1697 206 1758 Nox,
227 1695 357 1758 ethiems,
380 1693 528 1766 longaeque
538 1695 606 1759 viae,
627 1693 757 1767 saevique
770 1695 865 1752 dolore

176 1768 303 1824 mollibus
312 1769 356 1822 his
366 1769 474 1835 castris,
495 1775 521 1823 et
531 1767 704 1824 iaboromnis
716 1770 797 1825 inest.

139 1844 221 1915 Saepe
232 1843 299 1898 feres
309 1843 422 1899 imbrem
432 1843 537 1899 coelesti
548 1844 620 1899 nube
630 1843 767 1916 solutum3

178 1919 291 1992 frigidus
301 1929 326 1974 et
337 1920 408 1975 ouda
419 1938 497 1992 saepe
507 1919 605 1975 iacebis
615 1919 711 1976 humo.

140 1995 274 2070 Cynthius
284 1995 389 2050 Admeti
401 2013 493 2052 vaccas
503 1995 610 2067 pavisse
619 2012 668 2066 per
678 2003 770 2052 aestus

86 2080 124 2127 rit
178 2070 275 2135 fertur,
296 2078 321 2124 et
330 2071 358 2125 in
372 2088 454 2141 parva
464 2071 601 2126 delituisse
610 2088 681 2126 casa.

141 2146 218 2214 Quod
233 2146 370 2201 Phoebum
383 2146 486 2215 decuit,
520 2163 602 2219 quem
618 2165 672 2201 non
687 2145 782 2201 decet?
817 2147 884 2202 Exue

600 2265 604 2271 .
624 2220 719 2287 fastus,

178 2316 270 2353 curam
285 2297 406 2353 mansuri
417 2296 543 2371 quisquis
556 2297 655 2352 amoris
665 2297 760 2351 habes.

142 2373 169 2427 Si
181 2374 229 2428 tibi
239 2392 286 2446 per
295 2381 382 2428 tutum
394 2374 561 2445 planumque
572 2372 714 2445 negabitur
727 2373 775 2438 ire,

180 2457 260 2520 atque
270 2450 319 2504 erit
329 2450 449 2521 opposita
459 2448 538 2503 ianua
552 2447 618 2502 suita
627 2464 700 2515 sera;

85 2529 125 2578 rit
139 2530 166 2577 at
177 2531 205 2578 tu
212 2542 397 2600 perpraeceps
410 2531 476 2579 tecto
486 2522 607 2578 delabere
619 2530 724 2594 aperto:

168 2601 214 2659 dei
223 2621 340 2682 quoque
351 2602 468 2663 furtivas
479 2595 740 2657 aitaienestrau'ias.
790 2666 797 2677 .
827 2665 833 2676 ι

111 2679 201 2742 Laeta
210 2685 277 2753 erit,
300 2695 336 2745 ut
348 2701 484 2746 caussam
493 2677 552 2737 tibi
560 2694 590 2732 se
599 2671 670 2728 sciet
676 2665 856 2732 esseoerxdx.
