1868 2962
127 161 177 215 228
319 162 347 207 P.
367 159 494 207 0v1D11
512 158 684 206 NASONIS

127 263 198 333 Quid
207 262 276 318 mihi
286 261 348 318 fiet?
364 262 410 317 ait.
440 259 790 335 Sonuerunteymbelatoto

165 339 259 403 littore,
277 345 302 393 et
311 337 419 392 attonita
432 343 559 410 tympana
569 335 649 407 pulsa
659 353 755 392 manu.

127 412 288 469 Exciditilla
298 421 380 477 metu,
400 412 526 484 rupitque
534 411 683 466 novissima
693 412 791 468 verba:
808 416 811 421 ’

75 498 113 545 555]
166 487 259 543 nullus
270 489 299 545 in
308 487 426 543 exanimi
438 503 546 559 corpore
555 486 668 560 sanguis
678 493 745 541 eret.

128 565 195 620 Eece
205 561 402 620 Mimallonides
412 562 513 634 sparsis
522 561 550 616 in
560 568 634 634 terga
642 560 764 633 capillis:

167 656 226 694 ecoe
235 638 306 694 leves
316 636 413 711 Satyri,
432 636 538 708 praevia
550 636 629 690 turbe
637 635 697 693 dei:

129 714 220 770 ebrius
230 730 289 768 ecee
299 730 380 768 senex
389 711 478 784 pando
487 710 593 767 Silenus
604 709 688 766 asello

167 792 214 844 vix
224 788 305 854 sedet,
325 796 351 842 et
361 803 466 859 pressas
475 786 592 841 eontinet
601 792 656 840 erte
665 786 756 841 iubas.

76 873 115 922 555
130 867 199 921 Dum
215 864 338 936 sequitur
355 861 484 926 Bacchas,
511 861 627 917 Bacchae
649 859 814 935 fugiuntque
832 878 872 933 pe

607 944 656 991 tun
709 953 734 1001 e,

168 1011 369 1086 quadrupedem
379 1009 463 1065 ferula
472 1010 539 1067 dum
547 1008 636 1066 melus
646 943 726 1086 utffguet
734 1029 832 1084 eques3

131 1088 159 1145 in
169 1095 250 1161 caput
258 1088 345 1143 aurito
353 1085 448 1142 eecidit
456 1084 582 1158 delapsus
592 1085 683 1141 asello.

169 1164 326 1221 Clamarunt
334 1161 431 1236 Satyri,
452 1160 537 1235 Surge
547 1177 604 1234 nge,
624 1178 716 1235 surge,
738 1169 823 1233 peter.

131 1242 187 1295 lam
197 1239 263 1294 deus
274 1241 303 1294 in
312 1255 403 1301 curru,
423 1253 505 1308 quem
515 1253 655 1291 summum
665 1245 768 1292 texerat
776 1236 848 1303 uvis,

77 1328 116 1370 550
169 1314 284 1388 tigribus
294 1311 425 1368 adiunctis
436 1327 515 1366 aurea
526 1310 579 1366 lora
654 1319 674 1366 t.

131 1390 165 1444 Et
175 1389 255 1454 color,
276 1396 302 1442 et
321 1387 449 1450 Theseus,
471 1394 496 1440 et
504 1404 557 1442 vox
626 1386 788 1459 repuellae:

170 1472 262 1537 terque
271 1463 363 1538 fugam
373 1462 462 1534 petiit:
486 1468 580 1534 terque
593 1469 691 1516 retente
701 1470 787 1528 metu,

132 1540 245 1606 horruit,
267 1548 297 1594 ut
306 1538 418 1604 steriles,
438 1536 519 1611 agitet
529 1555 598 1609 quas
607 1545 719 1602 ventus,
742 1538 853 1593 aristae:

169 1623 199 1670 ut
210 1615 275 1669 levis
284 1616 313 1669 in
323 1613 429 1668 madida
439 1630 524 1667 canna
533 1612 631 1684 palude
640 1614 740 1668 tremit.

79 1704 117 1746 555
133 1690 183 1745 Cui
193 1690 270 1754 dene,
293 1690 336 1743 En
346 1688 442 1743 adsum
451 1687 501 1743 tibi
512 1705 576 1743 cure
585 1687 701 1753 fidelior,
723 1688 826 1759 inquit.

169 1765 241 1818 Pone
250 1771 367 1829 metum3
388 1763 493 1830 Beoehi‚
514 1763 642 1828 Gnosius,
663 1780 733 1818 uxor
742 1764 808 1818 eris.

133 1840 234 1894 Munus
244 1838 437 1895 habecoelum:
458 1837 530 1894 coelo
540 1839 691 1910 spectabere
699 1832 794 1893 sidus':

171 1931 250 1985 saepe
260 1933 335 1989 reges
345 1914 466 1980 dubiam,
478 1912 571 1968 Cressa
581 1913 680 1986 puelle,
693 1922 789 1968 ratem.

133 1989 219 2057 Dixin
240 2000 391 2055 etenum,
412 2007 446 2044 ne
455 1989 536 2062 tigres
547 1988 592 2044 illa
602 1989 715 2054 timeret,

80 2077 118 2118 555
171 2062 272 2119 desilit:
293 2064 417 2135 imposito
427 2066 506 2118 cessit
516 2081 594 2118 arena
604 2063 683 2135 pede:

135 2138 346 2210 implicitemque
355 2139 418 2193 sinu
429 2137 526 2210 (neque
539 2139 612 2193 enim
627 2155 750 2213 pugnare
759 2138 872 2205 valebat,

171 2213 297 2270 abstulit:
317 2220 348 2267 ut
356 2213 432 2268 facile
442 2222 482 2269 est
491 2213 581 2269 omnia
591 2231 670 2286 posse
679 2214 738 2269 deo.

134 2292 208 2356 Pars,
220 2291 379 2364 Hymenaee,
390 2296 504 2344 canunt:
525 2290 669 2360 parsEvie‚
680 2290 749 2344 Evie
757 2289 874 2346 clament

173 2366 216 2421 Sic
226 2368 321 2422 coeunt
330 2381 404 2419 sacro
417 2373 501 2436 nupta
510 2365 632 2438 deusque
641 2371 707 2420 toro.

81 2452 120 2494 555
134 2442 215 2515 Ergo,
236 2442 284 2496 ubi
293 2439 451 2514 eontigerint
460 2440 539 2512 positi
550 2441 600 2495 tibi
609 2456 721 2495 munera
731 2440 840 2507 flamm,

100 2556 101 2560 η
173 2524 252 2588 atque
262 2518 311 2572 erit
320 2516 349 2571 in
358 2515 421 2572 socii
432 2513 530 2570 femine
540 2523 615 2587 perte
624 2515 688 2584 tori3
842 2523 848 2533 '

135 2592 342 2665 Nycteliumque
351 2598 468 2665 patrem,
490 2599 673 2663 nocturnaque
682 2607 758 2646 sacra
768 2608 875 2664 precere

174 2683 208 2720 ne
217 2666 327 2722 iubeant
336 2667 415 2740 capiti
424 2666 488 2722 vina
498 2683 592 2722 nocere
601 2673 656 2722 tuo.

216 2892 322 2916 *a
