1868 2962
125 161 176 218 298
326 162 354 209 P.
376 160 504 210 ovsstn
523 162 693 210 NASONIS

126 268 158 324 Di
171 264 284 331 meiius,
305 280 387 338 quam
399 281 448 320 nos
458 278 616 319 moneamus
625 262 689 319 talia
699 274 858 340 quemqutm.

75 351 112 398 tto
165 342 199 398 Ut
208 340 326 414 prosint,
348 357 402 395 non
413 347 477 395 sunt
489 337 651 411 experienda
664 348 763 396 tamen.

126 419 221 473 Hortor
229 424 264 482 at,
285 424 316 471 ut
325 416 423 488 pariter
435 415 513 470 binas
524 413 643 470 habeatis
654 415 764 471 amicas.

163 493 266 547 Fortior
275 498 325 557 est,
346 487 437 562 piures
447 490 470 544 si
483 490 546 562 quis
560 489 658 545 habere
670 495 764 563 potest.

127 567 200 621 Secta
212 567 336 638 bipartito
346 583 432 638 quum
443 581 520 620 mens
529 564 658 620 discurrit
666 574 792 642 utruqut;

166 641 274 697 alterius
284 641 354 695 vires
364 639 497 694 subtrahit
508 639 574 695 alter
586 657 671 696 amor.

74 725 112 770 tts
129 716 245 772 Grandia
256 733 303 788 per
313 714 413 771 multos
423 723 568 770 tenuantur
577 712 781 783 nummarius,

167 806 318 868 magnaque
325 790 460 846 subducto
469 790 559 861 stipite
567 789 676 845 flamma
685 790 764 864 perit.

129 869 187 923 Nou
195 866 262 922 satis
272 882 326 922 una
337 874 407 921 tenet
415 875 515 921 ceratas
525 874 620 922 ancora
630 880 751 940 puppes:

166 959 215 998 nec
224 942 289 996 satis
298 949 338 996 est
348 940 459 1014 liquidis
469 942 568 997 unicus
577 939 676 997 hamus
685 942 775 1015 equis-
865 965 867 969 ·

130 1017 182 1084 Qui
192 1016 245 1071 sibi
256 1015 416 1089 iampridem
427 1015 519 1072 solatia
530 1014 593 1072 bina
604 1017 718 1089 paravit,

74 1100 114 1147 tto
166 1092 325 1165 iampridem
333 1102 442 1148 'summa
454 1092 537 1147 victor
546 1092 575 1147 in
588 1106 647 1147 arce
654 1088 718 1148 fuit.

130 1167 165 1222 dt
174 1167 233 1234 tibi,
255 1167 303 1241 qui
315 1166 402 1224 fueras
413 1167 537 1224 dominae
546 1166 616 1222 maie
624 1167 742 1224 creditus
751 1168 807 1235 uni,

166 1259 240 1298 nunc
250 1242 343 1298 saitem
355 1261 441 1316 novus
451 1250 491 1297 est
503 1242 681 1298 inveniendus
691 1262 776 1300 amor.
803 1287 807 1293 .
834 1305 839 1315 ,

128 1317 272 1388 Pasiphahs
282 1316 369 1372 Minos
381 1321 408 1372 in
419 1316 541 1373 Procride
550 1316 668 1389 prodidit
679 1319 771 1395 ignes:

165 1392 245 1446 cessit
254 1387 289 1448 ab
298 1392 373 1447 idaea
383 1394 497 1467 coniuge
506 1393 576 1448 victa
587 1393 671 1465 prior.

74 1476 113 1523 tss
128 1466 298 1540 Amphilochi
309 1463 389 1524 'irater
399 1485 433 1523 ne
443 1464 558 1542 Phegida
568 1470 674 1540 semper
684 1468 793 1536 ahares

167 1542 299 1600 Callirhoe
308 1541 369 1599 fecit
378 1552 452 1617 parte
461 1552 563 1615 recepta
577 1544 638 1600 turi.

128 1619 162 1674 Et
172 1619 251 1674 Parin
261 1617 369 1674 Oenone
376 1634 498 1675 summos
507 1616 637 1675 tenuisset
643 1616 680 1676 ad
689 1626 785 1689 annet,

167 1694 189 1748 si
201 1711 254 1749 nen
264 1690 373 1749 Oebalia
383 1694 477 1766 pellice
486 1694 556 1750 lassa
566 1692 641 1752 foret.

129 1768 258 1842 Coniugis
269 1767 384 1843 Odrysio
392 1766 538 1842 piacuisset
544 1769 631 1826 forma
640 1766 771 1845 tyranno:

75 1851 114 1898 tre
166 1844 212 1899 sed
223 1843 316 1900 melior
326 1843 432 1900 clausae
442 1844 526 1902 tonna
534 1847 634 1902 sororis
646 1854 711 1902 erat.

129 1917 201 1985 Quid
211 1936 300 1977 moror
309 1919 450 1994 exemplis,
470 1938 587 1994 quorum
599 1928 643 1976 me
652 1922 732 1977 turha
743 1916 847 1997 fatigati

167 1993 322 2051 Successore
332 2012 402 2052 novo
410 1997 625 2053 vinciturcthhis
636 2013 720 2053 amor.

129 2071 237 2125 Parcius
247 2070 364 2126 emultis
373 2081 457 2127 mater
468 2071 599 2129 desidemt
608 2082 706 2137 unum,

166 2164 249 2220 quam
261 2146 405 2219 quaaflens
415 2147 527 2214 clamat,
548 2146 589 2203 Tu
598 2146 665 2205 mihi
677 2146 753 2204 solus
763 2152 829 2204 eras.

74 2230 114 2278 tet
128 2222 164 2278 Et
173 2241 206 2279 ne
216 2222 281 2279 forta
291 2230 368 2295 putes
378 2239 447 2280 nova
457 2240 501 2279 me
510 2223 558 2279 tibi
568 2223 680 2280 condere
690 2225 765 2280 iura:

166 2298 256 2372 (atque
264 2299 368 2354 utinam
379 2299 479 2354 inventi
490 2299 574 2374 gloria
584 2308 674 2355 nostra
684 2298 752 2355 foret
759 2298 776 2373 i)

129 2374 197 2428 vidit
208 2375 235 2429 id
244 2373 364 2430 Atrides:
385 2373 452 2447 q'uid
461 2375 534 2429 enim
545 2392 598 2431 non
609 2373 654 2430 ille
663 2374 775 2440 videret,

167 2450 246 2504 cuius
256 2451 284 2505 iu
295 2450 405 2505 arbitrio
415 2449 523 2504 Graecia
534 2458 587 2506 tota
598 2447 667 2504 fuit?

129 2522 211 2578 Marte
220 2542 271 2580 suo
279 2533 383 2598 captam
395 2524 542 2598 Chryseida
552 2526 636 2582 victor
648 2524 769 2579 amabat:

73 2605 114 2653 t7o
165 2594 192 2653 at
201 2594 382 2657 'senioretulte
390 2598 470 2656 debat
478 2600 580 2671 uhiqua
607 2614 696 2655 arans.

121 2674 349 2748 Ouidiacrimas,
369 2670 573 2736 crhdseseuexh
622 2670 848 2740 mamutium.

75 2894 169 2908 *-
