1868 2962
130 161 161 211 ⁴6
325 163 355 208 P.
377 161 504 209 ovum
521 161 688 209 NASONIS

165 261 394 336 sarcinaquehaeo
403 262 493 318 animo
501 281 555 319 non
564 260 637 319 sedet
645 271 706 336 apta
716 280 785 319 meo.

75 353 99 396 25
128 339 225 404 desiit,
237 337 285 393 uhi
294 354 309 392 a
319 337 415 392 teneris
425 336 526 393 crimen
536 335 698 394 condiscitur
709 340 803 395 annis:

166 430 235 486 quae
243 413 317 469 venit
324 419 415 469 exacto
424 420 549 484 tempore,
561 414 638 485 peius
648 422 728 469 amat.

129 491 169 544 Tu
179 505 248 544 nova
257 496 375 544 servatae
384 503 472 558 carpes
482 487 609 543 libamina
619 487 718 559 lamae;

165 564 296 635 etpariter
305 566 426 620 nostrum
435 561 480 617 fiet
488 570 600 634 uterque
610 581 719 620 nocens.

128 640 176 694 Est
185 638 296 712 aliquid¹
307 638 394 711 plenis
402 637 521 710 pomaria
533 655 639 710 serpere
650 639 742 707 ramis,

76 728 100 771 30
166 723 192 770 et
201 714 274 770 tenui
283 715 399 786 primam
408 711 523 788 deligere
536 731 626 788 ungue
635 732 734 771 rosam.

129 789 156 846 Si
165 797 254 846 tamen
264 788 398 860 illeprior,
408 805 463 860 quo
472 805 515 843 me
524 789 583 844 sine
591 783 704 846 crimine
711 790 794 865 gessi,

165 863 421 921 candorabinsolita
431 862 490 919 labe
499 865 632 919 notandus
640 871 709 935 erat;

129 949 155 996 at
164 941 232 995 bens
241 938 377 1005 suceessit,
388 938 470 1014 digno
479 938 549 1011 quod
560 938 699 995 adurimur
707 938 780 1014 igni:

165 1015 241 1087 peius
251 1013 379 1069 adulterio
388 1015 474 1086 turpis
483 1012 677 1070 adulterobest.

76 1104 100 1147 ³5
128 1090 155 1145 Si
166 1089 233 1144 milri
242 1088 367 1146 concedat
375 1090 442 1144 Iuno
452 1087 613 1160 fratremque
623 1089 780 1162 virumque3

166 1163 340 1239 Hippolytum
350 1164 441 1220 videor
450 1164 632 1236 praepositura
642 1165 708 1220 lovi.

129 1242 185 1295 lam
194 1257 303 1312 quoque
312 1238 367 1312 (vix
379 1238 491 1312 credas)
500 1239 604 1312 ignotas
614 1239 684 1295 nitor
694 1240 723 1295 in
735 1247 819 1295 artes:

166 1323 206 1370 est
213 1315 281 1370 mihi
290 1331 338 1386 per
347 1331 440 1369 saevas
450 1314 566 1386 impetus
578 1314 617 1370 ire
625 1313 704 1370 lenas.

129 1392 184 1446 Iam
196 1390 262 1445 mihi
272 1389 359 1462 prima
369 1389 418 1445 dea
427 1395 476 1454 est,
487 1407 550 1444 areu
558 1389 708 1465 praesignis
718 1389 831 1456 adunco,

76 1479 100 1522 tu
166 1466 253 1521 Delia:
273 1465 405 1521 iudicium
414 1465 565 1538 subsequor
573 1465 632 1537 ipsa
642 1472 730 1521 tuum.

130 1545 159 1596 ln
171 1560 267 1597 nemus
276 1541 316 1597 ire
326 1540 398 1607 libet,
410 1540 564 1614 pressisque
573 1540 602 1596 in
612 1539 676 1594 retia
686 1539 781 1605 servis,

165 1618 264 1674 hortari
274 1616 371 1671 deleres
380 1630 428 1688 per
438 1617 501 1690 iuga
511 1632 617 1670 summa
627 1629 721 1670 canes:

129 1700 174 1746 aut
184 1691 328 1746 tremulum
338 1707 450 1745 excusso
460 1689 577 1745 iaculum
587 1690 692 1746 vibrare
701 1689 810 1760 luserim

167 1768 249 1821 autin
260 1766 396 1839 graminea
407 1781 504 1836 ponere
513 1783 609 1837 corpus
618 1766 712 1821 humo.

76 1851 100 1897 45
129 1842 211 1912 Saepe
223 1842 297 1896 iuvat
305 1856 410 1895 versare
420 1839 490 1894 leves
501 1840 529 1895 in
539 1840 649 1913 pulvere
658 1858 763 1906 currus,

166 1924 331 1988 torquentem
341 1914 423 1971 irenis
435 1932 480 1971 ora
489 1914 591 1990 fugacis
603 1916 677 1988 equi.

129 1994 207 2046 Nunc
216 1990 293 2057 feror,
305 1998 336 2045 ut
344 1991 439 2046 Bacchi
450 1990 527 2046 iuriis
536 1990 667 2046 Eleleides
677 1999 758 2056 actae,

167 2083 289 2139 quaeque
298 2067 350 2122 sub
359 2066 435 2122 ldaeo
445 2073 573 2140 tympana
582 2064 648 2122 eolle
658 2073 775 2123 movent.

130 2143 183 2198 Aut
195 2160 263 2214 quas
273 2142 404 2196 semideae
413 2142 529 2215 Dryades
538 2142 680 2214 Faunique
689 2142 812 2197 bicornes

76 2231 100 2272 50
167 2218 630 2274 numineeontnctasattenueresuo.

129 2296 251 2365 Namque
260 2292 328 2348 mihi
337 2291 462 2357 referunt,
474 2309 559 2363 quum
570 2311 598 2347 se
608 2291 681 2348 furor
690 2290 735 2346 ille
743 2293 855 2362 remisit,

167 2368 267 2423 omnia.
288 2368 331 2422 llle
340 2367 444 2422 tacitam
456 2368 579 2422 conscius
589 2369 643 2422 urit
653 2367 744 2422 Amor.

130 2444 250 2498 Forsitan
264 2444 336 2498 hunc
344 2442 450 2516 generis
461 2441 514 2497 fato
524 2443 666 2499 reddamus
676 2461 808 2512 amorem;

168 2526 194 2572 et
201 2519 291 2573 Venus
302 2537 316 2573 e
327 2525 378 2574 tota
387 2525 466 2590 gente
476 2517 573 2571 tributa
584 2526 663 2589 petat.

73 2608 100 2647 55
126 2594 361 2667 Jupiter-Europen
371 2592 467 2668 (prima
476 2599 516 2646 est
526 2609 555 2647 ea
582 2593 651 2648 entis
661 2592 755 2668 origu)

151 2667 257 2735 calent,
271 2677 350 2730 tauro
359 2667 554 2728 dissimulante
562 2611 654 2724 deum.

23 2884 153 2926 A.
