1868 2962
140 161 190 216 276
351 167 379 213 P.
401 165 527 212 ov1n11
545 166 717 212 NASONIS

159 328 162 334 .
179 285 226 321 neo
233 266 357 322 dominae
366 275 468 322 teneras
477 273 582 339 appetet
592 283 685 341 unguo
696 284 796 341 genas:

142 360 189 397 noo
200 340 303 396 scindet
311 342 450 397 tunicasve
458 360 521 396 suas
534 341 673 397 tunicasve
683 341 804 414 puellae:

87 430 126 472 oto
179 435 226 472 noo
236 425 328 489 raptus
340 415 421 473 flendi
430 435 524 472 caussa
534 415 649 489 capillus
658 417 720 471 erit.

141 493 193 547 Ista
203 493 410 565 docentpueros.
431 500 513 548 notato
522 500 548 547 et
557 509 646 548 amoro
657 490 786 547 colentes.

179 569 228 622 Hic
240 567 294 624 fero
304 567 449 640 composita
463 567 574 623 vulnero
584 573 673 622 monto
683 565 759 621 foret.

142 643 254 716 Ignibus
264 644 309 698 hio
319 642 396 698 lentis
407 652 508 709 uretur,
528 650 559 698 nt
568 640 681 697 humido
692 641 784 711 taodn3

179 727 210 773 ut
221 718 300 774 modo
309 718 444 774 montanis
454 716 522 772 silva
533 716 616 772 recisa
626 715 711 791 iugis.

90 805 128 847 575
143 794 244 849 Certior
254 793 297 848 hio
306 811 380 848 amor
390 800 442 847 est:
463 792 553 847 brevis
562 800 589 846 et
597 790 738 848 fecundior
747 791 804 848 itte.

181 868 254 935 Quae
264 866 292 922 fu
313 867 382 934 innt,
402 866 589 940 celorioarpite
597 883 784 939 pomamanu.

144 943 240 999 Omnia
247 885 398 997 munientur:
419 949 507 1014 portas
517 942 698 997 reserabimus
708 943 794 1012 hosti;

181 1025 207 1072 et
215 1018 251 1072 sit
260 1019 288 1072 in
299 1017 381 1073 infida
391 1017 537 1089 proditione
548 1017 623 1073 fidos.

145 1093 222 1161 Quod
231 1093 309 1148 datur
318 1111 351 1148 ex
365 1092 446 1159 facili,
469 1092 579 1167 longum
589 1091 659 1162 maio
669 1093 757 1147 nutrit
765 1105 872 1148 amorem·

91 1180 130 1222 555
181 1168 315 1224 Miscenda
326 1177 366 1223 est
376 1167 449 1223 laetis
458 1185 516 1222 ram
526 1166 633 1240 repulsa
641 1167 719 1224 iocis.

144 1243 212 1298 Anto
222 1243 289 1298 foros
299 1244 413 1298 iaceant:
435 1241 557 1299 Crudelis
566 1243 656 1308 ia'nun,
677 1241 807 1298 clament:

182 1317 320 1390 multaque
331 1318 475 1383 submisse.
496 1317 582 1374 multa
594 1318 729 1372 minanter
738 1325 825 1392 agant.

144 1392 236 1448 Dulcia
248 1411 300 1449 non
310 1392 435 1448 ferimus:
456 1393 536 1449 suc'oo
546 1410 707 1448 renovamur
718 1410 816 1449 omaro.

183 1467 264 1540 Saepe
274 1469 342 1542 perit
352 1469 438 1524 ventis
448 1468 543 1524 obruto
552 1469 648 1543 cymba
658 1467 728 1523 suis.

92 1555 131 1597 555
145 1544 200 1599 Hoo
210 1552 258 1610 est,
278 1562 375 1600 uxores
386 1544 459 1616 quod
469 1562 521 1600 non
531 1544 647 1617 potiatur
656 1545 757 1598 amori:

134 1639 135 1643 ¹
182 1620 345 1674 conveniunt
355 1618 424 1684 illos,
446 1617 658 1691 quumvolnero‚
678 1618 743 1672 viri.

146 1692 245 1748 Claude
254 1692 335 1760 fores3
356 1693 424 1749 duro
434 1693 504 1749 dioat
512 1694 561 1749 tihi
573 1693 670 1749 ianitor
678 1711 734 1759 ore,

183 1769 242 1822 Non
253 1776 336 1839 potes.
369 1767 854 1842 Exclusnmtoquoquetnngetomor·

146 1843 237 1898 Ponite
247 1843 300 1897 iam
311 1842 413 1918 gladios
423 1843 543 1912 hebetem
560 1852 696 1920 pugnetur
703 1845 799 1899 ocutis.

93 1929 131 1972 595
183 1919 242 1973 Non
253 1919 356 1985 dubito,
379 1919 437 1974 telis
447 1922 514 1991 quin
528 1929 600 1992 petar
610 1921 669 1992 ipoe
679 1920 758 1975 meis.
912 1890 916 1983 ⁴

147 1995 216 2048 Dum
227 1993 303 2049 cadat
312 1995 341 2049 in
352 1993 461 2066 laqueos
471 1999 875 2068 captusquoquonuporamator‚
913 2028 916 2071 Ι

184 2067 452 2125 solumsothaiomos
462 2077 548 2142 speret
558 2069 654 2124 habero
664 2077 735 2126 tuos.
914 2074 916 2079 '

147 2144 288 2200 Postmodo
297 2143 408 2199 rivalem
418 2145 568 2217 partitoque
577 2143 681 2200 soodem
691 2143 751 2200 loeti

185 2220 290 2275 sentiat.
323 2220 376 2274 Hos
386 2229 455 2275 artos
465 2219 536 2286 tolle,
557 2228 676 2276 senescet
684 2238 770 2276 amor.

94 2305 132 2350 555
147 2297 224 2352 Tuno
233 2295 300 2351 bono
309 2294 384 2350 fortis
394 2313 480 2368 equus
490 2303 605 2351 reserato
614 2295 819 2361 caroencurrit,

185 2389 281 2444 quum,
292 2388 361 2444 quos
366 2379 517 2443 praetereat,
528 2378 794 2444 quosquosoquotur‚
805 2368 879 2425 habet

148 2445 300 2512 Quamlibet
309 2446 437 2502 extinctos
450 2445 549 2501 iniuria
559 2446 669 2501 suscitat
682 2445 770 2520 ignes.

79 2530 82 2535 '
133 2531 134 2535 ’
186 2522 228 2576 En
238 2539 296 2595 ogo,
317 2521 450 2583 confiteor,
472 2537 525 2575 non
536 2521 589 2576 nisi
599 2520 688 2577 laesus
696 2538 768 2577 omo.

145 2594 247 2653 Gnosso
261 2603 351 2655 tomen
362 2597 479 2654 nimium
487 2599 567 2651 nosit
576 2594 715 2652 manifesto
725 2595 837 2652 doloris:

75 2684 118 2730 ooo
169 2675 475 2755 pinroqnesollioitm,
495 2671 670 2750 5555555555,
686 2677 841 2739 omnmo.
908 2664 913 2701 ἲ
