1868 2962
218 146 643 232 cucumerarium.
752 181 796 232 ror

87 284 285 341 Memiseruml
307 301 390 356 quare
402 291 456 340 mm
466 285 535 341 bona
545 303 638 342 caussa
648 288 772 343 meaest‘?

49 361 142 424 Felix,
158 359 217 433 qui,
239 359 313 432 quod
324 367 404 425 amat,
426 359 566 415 defendere
575 359 674 416 fortiter
687 364 778 419 audet:

86 437 131 492 cui
141 454 207 501 sua,
228 436 287 492 Non
298 434 358 501 feci,
377 435 464 491 dicere
473 438 559 491 amica
568 443 663 507 potest.
830 453 854 495 10

50 513 164 568 Ferreus
174 519 228 578 est,
249 511 420 583 nimiumque
428 530 479 568 suo
488 510 559 566 favet
571 511 616 566 iile
626 511 718 580 dolori,

32 610 35 614 ⁸
87 588 132 644 cui
143 588 242 661 petitur
252 587 321 643 victa
330 586 420 659 palma
429 594 538 643 cruenta
547 604 602 642 rea.

50 666 110 737 Ipse
121 665 204 718 miser
213 662 285 729 vidi,
305 680 392 736 quum
401 681 445 718 me
454 663 570 719 dormire
579 670 696 734 putares,

88 739 198 794 sobrius
209 739 329 810 apposito
339 738 452 794 crimina
462 746 549 794 vestra
560 756 642 794 mero.

52 814 135 872 Multa
145 812 289 886 supercilio
298 813 354 868 vidi
367 815 488 869 vibrante
501 813 649 886 loquentes.
830 829 854 870 15

88 889 208 945 Nutibus
219 888 247 943 in
257 889 354 944 vestris
366 907 429 961 pars
438 889 509 945 bona
518 890 591 945 vocis
602 897 666 946 erat.

51 968 110 1022 Non
121 963 193 1021 obuli
204 965 308 1019 tac'uere
318 964 372 1030 tui,
393 965 595 1038 conscriptaque
604 965 668 1022 vino

88 1058 198 1110 mensa3
221 1039 307 1096 necin
317 1039 408 1114 digitis
420 1040 493 1095 litera
503 1040 577 1095 nulla
588 1040 647 1096 fuit.

51 1117 208 1174 Sermonem
221 1114 333 1190 agnovi,
354 1114 427 1187 quod
438 1134 490 1171 oon
502 1115 637 1182 videatur,
658 1125 788 1191 agentem,

88 1193 226 1264 verbaque
235 1208 283 1262 pro
293 1190 371 1246 certis
381 1190 455 1245 iussa
464 1190 552 1247 valere
564 1192 644 1247 notis.
830 1204 855 1247 20

52 1271 164 1342 lamque
174 1267 299 1339 frequens
309 1266 375 1321 ierat
383 1284 475 1322 mensa
485 1267 597 1323 conviva
610 1274 724 1324 remota:

88 1343 230 1415 compositi
239 1343 350 1398 iuvenes
361 1360 433 1397 unus
442 1349 468 1397 et
477 1342 542 1397 alter
551 1351 635 1401 erant.

52 1420 177 1492 Improba
187 1427 246 1474 tum
255 1434 319 1473 vero
330 1418 472 1492 iungentes
481 1417 572 1473 oscula
585 1418 652 1473 vidi.

88 1494 138 1550 Illa
148 1494 216 1549 mihi
226 1493 319 1568 lingua
329 1511 397 1561 nexa
407 1492 490 1548 fuisse
500 1492 598 1565 liquet:

51 1571 143 1645 qualia
154 1587 202 1625 neo
215 1568 287 1623 fratri
300 1567 390 1623 tulerit
398 1586 525 1642 germana
535 1585 641 1637 severo;

89 1646 138 1700 sed
147 1644 239 1700 tulerit
248 1645 346 1716 cupido
357 1644 445 1700 mollis
455 1645 540 1700 amica
550 1643 622 1700 viro:

51 1720 143 1795 qualia
154 1719 317 1775 credendum
328 1728 368 1774 est
379 1739 432 1777 non
443 1720 580 1776 Phoebum
593 1719 660 1776 ferre
668 1719 780 1776 Dianae:

90 1795 138 1851 sed
147 1797 278 1850 Venerem
288 1796 364 1851 Marti
375 1814 453 1868 saepe
463 1795 557 1851 tulisse
567 1814 627 1851 suo,

52 1871 126 1940 Quid
135 1866 356 1941 facis,‘exclamo;
372 1889 426 1944 quo
436 1889 509 1926 nuno
518 1888 576 1926 mea
586 1871 685 1946 gaudie
694 1871 797 1926 defers‘?

90 1947 212 2002 lniiciam
223 1945 347 2002 dominas
357 1946 386 2002 in
396 1965 453 2002 mea
465 1947 523 2001 iura
533 1964 641 2002 manus.
675 1955 677 1960 '

52 2025 123 2079 Haec
132 2022 181 2077 tibi
191 2028 256 2078 sunt
264 2022 456 2089 mecummihi
466 2029 531 2077 sunt
539 2022 692 2078 communia
702 2031 801 2077 tecum.

91 2099 123 2153 In
133 2099 203 2154 bona
212 2115 261 2153 our
274 2097 421 2170 quisquam
431 2098 524 2152 tertius
534 2099 585 2152 ista
595 2097 685 2153 venit‘?

52 2175 124 2230 Haec
132 2191 196 2247 ego,
217 2191 341 2245 quaeque
350 2173 425 2234 dolor
434 2173 542 2247 linguae
551 2172 674 2230 dictavit:
696 2172 769 2227 atilli

90 2248 197 2305 conscia
209 2265 362 2321 purpureus
373 2249 484 2305 venitin
494 2266 539 2304 ora
549 2249 645 2321 pudor.
850 2253 853 2260 '

53 2322 139 2393 Quale
149 2323 296 2380 coloratum
307 2325 414 2380 Tithoni
427 2324 541 2399 coniuge
550 2324 654 2380 coelum
833 2333 857 2375 35

91 2400 238 2465 subrubet,
260 2409 307 2455 aut
316 2418 415 2471 sponso
424 2400 482 2457 visa
493 2399 582 2472 puelia
594 2416 677 2454 novo:

54 2475 135 2550 quale
143 2493 220 2531 rosae
229 2474 333 2550 fulgent
342 2475 410 2531 inter
420 2494 469 2531 sua
481 2475 536 2530 lilia
547 2476 654 2529 mistae:

91 2559 139 2607 aut
148 2551 196 2606 ubi
207 2553 318 2606 cantatis
328 2553 404 2608 Luna
414 2550 516 2610 laborat
525 2549 622 2626 equis:
669 2574 672 2579 ·

52 2627 192 2696 autquod,
213 2643 249 2679 ne
257 2624 347 2702 longis
356 2626 504 2689 flavescere
515 2629 610 2707 possit
620 2627 656 2687 ab
666 2625 770 2692 eume,

73 2697 352 2774 MaeonisAssyrium
364 2706 476 2769 femina
486 2709 578 2767 tinxit
587 2709 678 2768 ebur·¹
885 2695 917 2739 Q

61 2772 135 2827 Ovm.
149 2776 178 2828 T.
190 2779 214 2834 I.
723 2793 751 2848 b
