1868 2962
156 115 206 168 att
346 119 374 164 Ρ.
396 118 522 164 ovrnrr
540 118 710 164 ussoxrs
805 86 809 93 ’

193 236 241 276 nec
250 235 359 274 servum
369 219 443 274 vitiis
452 226 545 290 peetus
556 219 653 275 habere
665 236 759 276 suum.

101 309 126 352 st
155 295 272 351 Vixisset
282 294 395 368 Phyllis,
416 294 439 348 si
449 311 491 348 me
500 293 566 350 foret
576 312 624 350 usa
636 295 779 380 magistro,

193 379 218 424 et
227 387 273 442 per
283 369 356 442 quod
367 369 468 434 novies,
489 370 597 442 saepius
607 370 672 425 isset
681 378 747 426 iter:

157 462 204 500 nec
214 445 331 501 moriens
342 444 408 499 Dido
417 462 523 499 summa
535 445 646 501 vidisset
658 445 762 501 abares

192 519 338 575 Dardanias
349 526 427 574 vento
437 518 494 574 vela
507 519 612 574 dedisse
624 529 709 576 rates:

156 613 204 650 nec
214 595 288 650 dolor
297 602 425 650 armasset
433 601 523 649 contra
534 613 582 649 sua
593 596 694 651 viseera
706 605 826 662 matrem,

102 680 128 724 tt
193 687 263 742 quae
274 669 337 725 socii
348 669 446 724 damno
456 670 598 743 sauguinis
608 670 664 725 ulta
677 670 768 726 virum
778 678 826 726 est.

156 745 219 800 Arte
229 762 287 799 mea
298 746 410 810 Tereus,
431 745 557 816 quamvis
567 744 713 802 Philomela
724 745 843 819 placeret,

194 838 241 892 per
253 819 356 874 lacinus
367 819 423 873 fieri
435 839 487 874 non
499 821 641 876 meruisset
650 821 720 876 avis.

156 896 193 949 Da
204 894 270 949 mihi
282 894 443 965 Pasiphaam
465 895 518 948 iam
532 895 600 950 tauri
612 905 691 967 ponet
701 914 832 953 amorem:

194 970 227 1025 da
239 969 400 1038 Phaedram3
422 969 555 1027 Phaedrae
566 971 652 1043 turpis
662 971 749 1027 abibit
759 991 839 1028 amor.

102 1056 127 1098 65
156 1045 244 1099 Redde
253 1045 332 1100 Parin
344 1044 435 1113 nobis;
456 1044 572 1101 Helenen
582 1046 719 1102 Menelaus
730 1047 847 1103 habebit-

194 1137 241 1174 nec
251 1120 377 1175 manibus
387 1121 507 1175 Danaum
518 1121 566 1175 Per
585 1138 644 1176 ama
654 1121 725 1177 victa
733 1123 834 1178 cadent.

155 1196 239 1266 Impia
249 1195 272 1248 si
283 1202 387 1250 nostros
397 1193 504 1268 leff'sset
513 1138 601 1271 Sepla
613 1194 727 1264 libellos,

193 1268 322 1323 haesisset
330 1269 409 1341 capiti
421 1287 556 1342 purpura,
576 1271 653 1336 Nise,
675 1279 731 1329 luo.

155 1345 197 1399 Me
206 1343 272 1398 dure
281 1343 438 1410 damnosas,
459 1345 592 1412 homines,
611 1347 863 1419 oompeseitecuras:

101 1430 127 1473 tu
193 1427 316 1492 rectaque
325 1438 388 1476 eum
399 1420 488 1488 sociis,
509 1439 552 1477 me
561 1421 638 1488 duee,
660 1423 799 1479 naviseat.

155 1496 226 1550 Naso
239 1494 367 1569 legendus
378 1506 433 1552 erat
442 1505 506 1552 tune
516 1515 601 1570 quum
612 1497 744 1553 didicistis
754 1516 852 1566 amare,

194 1570 264 1624 idem
275 1588 348 1627 nune
358 1572 435 1627 vobis
444 1573 516 1628 Naso
526 1571 654 1647 legendus
665 1574 724 1628 erit.

155 1644 282 1699 Publicus
291 1653 404 1700 assertor
414 1647 486 1700 vitiis
497 1664 640 1719 suppressa
650 1646 744 1706 levabo

192 1727 310 1790 pectorm
332 1721 464 1776 vindictae
473 1723 591 1796 quisque
600 1720 686 1778 faveto
696 1741 761 1778 suae

101 1807 127 1850 tt
155 1796 191 1850 Te
199 1813 300 1867 precor,
322 1805 430 1862 ovates,
451 1797 520 1853 adsit
530 1806 574 1853 tua
585 1797 673 1852 laurea
684 1798 772 1865 nobis,

191 1871 318 1926 carminis
328 1881 354 1927 et
363 1872 492 1939 medicae,
515 1873 631 1939 Phoebe,
652 1883 768 1945 repertor
778 1874 849 1946 opis:

155 1954 180 2001 et
189 1946 286 2017 pariter
295 1948 359 2013 vati,
379 1948 611 2020 paritersuoeurre
621 1948 752 2004 medenti:

194 2029 306 2094 utreque
318 2022 414 2077 tutelae
423 2023 530 2079 subdita
540 2028 604 2079 cura
614 2029 674 2078 tuae
685 2032 735 2079 est.

155 2098 225 2152 Dum
235 2096 308 2164 licet,
329 2104 354 2151 et
364 2097 461 2153 modici
472 2106 586 2186 tangunt
595 2098 748 2171 praecordia
759 2106 861 2156 motus:

101 2184 127 2225 tu
193 2173 215 2227 si
226 2173 312 2247 piget,
332 2172 459 2245 inprime
469 2172 562 2230 limine
572 2173 636 2229 siste
697 2192 751 2229 em.

156 2246 297 2320 Opprime,
325 2247 390 2303 dum
409 2266 477 2304 nova
496 2258 574 2316 sunt,
607 2267 640 2305 su
661 2249 690 2304 iti
709 2249 781 2305 mala
800 2252 893 2305 semina

635 2324 736 2394 morbi;

181 2405 217 2471 ¹et
227 2406 307 2465 tuus,
328 2397 459 2471 incipieus
469 2397 516 2465 ire,
537 2399 642 2456 resistat
653 2418 751 2475 equus.

154 2471 222 2526 Nam
233 2473 452 2542 moradatvires,
473 2480 576 2530 teneras
586 2477 809 2548 moraperooquit
819 2492 894 2532 uvas.

184 2557 213 2607 et
222 2549 329 2611 validas
338 2560 458 2631 segetes,
477 2547 716 2625 quouiuituer‘oui
727 2544 804 2600 tutu.

74 2638 106 2684 85
137 2628 219 2702 Quae
225 2631 346 2712 praebet
357 2630 431 2689 latas
443 2629 525 2688 arbor
536 2617 857 2697 spausntussamum„
