1868 2962
128 149 179 204 aso
318 152 345 198 r.
367 112 493 201 ovrnrr
511 151 683 199 nnsours

157 253 247 326 ,idque
257 252 439 320 meraevires‚
460 252 667 324 etrudeoorpus
680 260 747 309 erat.

74 341 113 389 405
127 329 200 386 Silva
210 327 307 383 domus
317 326 416 393 luerat,
435 327 513 383 cibus
522 327 620 394 herba,
641 327 745 384 cubilia
754 327 844 385 nonde

165 404 275 475 iamque
283 402 331 457 diu
342 401 409 458 nulli
420 419 450 458 co
469 403 542 458 nitus
553 402 618 458 alter
626 411 691 458 erat.

127 477 228 534 Blanda
237 485 326 533 truces
336 478 439 534 animos
449 421 532 532 llrtnr
542 477 663 533 mollisse
671 476 810 551 voluptas:

165 553 338 609 constiterant
346 571 401 609 uno
411 551 509 609 lomina
518 553 616 626 virque
625 552 692 609 loco.

129 629 201 698 Quid
210 628 333 694 facerent,
354 629 406 700 ipsi
416 627 491 683 nullo
499 628 615 684 didicere
625 627 770 703 magistro:

75 714 115 761 400
166 712 222 761 arte
230 705 322 760 Venus
333 702 406 758 null'a
416 701 494 758 dulce
506 704 610 779 peregit
619 721 700 775 opus.

130 780 191 837 Ales
201 778 370 851 habet‚quod
381 786 464 834 amet:
475 795 539 833 cum
549 796 603 850 quo
609 797 659 834 sua
664 778 765 853 gaudia
776 779 844 852 ionga

167 855 271 911 invenit
279 855 309 909 in
318 853 406 908 media
416 852 514 908 femina
525 853 607 925 piscis
618 871 699 927 aqua.

131 932 213 987 Cervo
223 946 314 1001 parem
325 929 461 1001 sequitur:
482 946 592 1000 serpens
602 937 726 1001 serpente
734 937 844 985 tenetur:

167 1006 256 1061 haeret
265 1003 393 1059 adulterio
402 1020 465 1058 oum
475 1021 540 1058 cane
549 1021 618 1060 nexa
626 1005 714 1060 canis.

76 1091 115 1139 405
131 1084 209 1138 Laeta
219 1079 313 1135 salitur
323 1079 395 1135 ovis:
416 1086 493 1134 tauro
501 1096 610 1151 quoque
625 1078 693 1135 laeta
703 1081 814 1135 iuvenca
823 1096 844 1134 es

169 1155 283 1211 sustinet
292 1154 464 1209 immundum
475 1155 542 1209 sima
553 1153 654 1227 capella
664 1173 779 1210 marem.

132 1234 162 1286 ln
172 1230 256 1286 furias
265 1231 399 1303 agitantur
407 1247 506 1300 equae,
526 1229 667 1301 spatioque
676 1238 777 1286 remota

168 1322 215 1377 per
227 1303 281 1360 loca
291 1302 416 1359 dividuos
426 1321 505 1359 amne
516 1313 668 1377 sequuntur
678 1321 774 1377 equos.

131 1382 226 1454 Ergoa
245 1396 273 1446 e,
294 1386 320 1433 et
328 1378 409 1433 iratae
419 1379 596 1435 medicamina
607 1379 684 1435 fortia
693 1381 803 1452 praebe:

78 1465 116 1512 400
169 1454 214 1510 illa
224 1397 271 1510 leri
281 1454 400 1528 requiem
411 1453 467 1509 sola
476 1454 575 1510 doloris
586 1455 695 1510 habent.

132 1531 179 1586 Illa
189 1530 358 1587 Machaonios
368 1538 495 1602 superant
504 1530 681 1585 medicamina
692 1547 800 1586 succos:

170 1607 223 1672 his,
246 1606 294 1662 ubi
304 1606 430 1679 peccaris,
452 1605 631 1662 restituendus
641 1606 706 1661 eris.

132 1683 201 1736 llaec
211 1699 259 1754 ego
268 1698 356 1753 quum
365 1697 496 1746 canerem,
517 1682 607 1736 subito
618 1680 778 1737 manifestus
789 1678 844 1752 Apo

170 1756 254 1811 mouit
265 1756 401 1810 inauratae
410 1755 505 1827 pollice
514 1756 558 1811 fila
569 1756 577 1810 l
612 1774 652 1812 ae.

79 1839 118 1885 405
134 1829 174 1906 [ln
184 1830 310 1886 manibus
320 1829 427 1886 laurus:
448 1775 650 1886 sacrisindllcta
658 1830 764 1903 capillis

170 1905 263 1961 laurus
272 1914 340 1962 erat:
362 1915 436 1961 vates
446 1905 489 1960 ille
500 1907 631 1961 videndus
641 1905 736 1982 adest]

133 1981 251 2047 lsmihi,
272 1981 391 2047 Lascivi‚
411 1981 493 2046 dixit,
515 1990 667 2053 praeceptor
677 1979 794 2046 Amoris,

171 2057 238 2121 duc,
259 2073 322 2130 age,
344 2055 491 2127 discipulos
502 2057 534 2110 ad
543 2073 602 2110 mea
611 2056 710 2127 templa
721 2065 792 2112 tuos.

132 2133 181 2188 Est
190 2132 228 2188 ibi
239 2131 376 2186 diversum
386 2130 455 2186 lama
465 2130 594 2186 celebrata
602 2149 650 2203 per
659 2131 752 2187 orbem

80 2219 118 2262 500
172 2209 260 2272 litera,
280 2207 403 2280 cognosci
416 2205 548 2279 quaesibi
558 2223 694 2279 quemque
705 2207 789 2262 iubet.

134 2283 187 2350 Qui
196 2282 248 2339 sibi
260 2290 339 2338 notus
348 2282 411 2347 erit,
431 2281 505 2337 solus
516 2281 649 2352 sapienter
661 2282 776 2336 amabit:

172 2367 251 2431 atque
259 2375 328 2430 opus
338 2357 371 2412 ad
381 2357 451 2412 vires
461 2357 548 2431 exiget
557 2358 720 2412 omnesuas.

127 2433 186 2495 Cui
196 2434 290 2489 faciem
301 2441 394 2489 natura
404 2431 490 2497 dedit,
512 2440 644 2503 spectetur
654 2432 688 2485 ab
698 2431 758 2486 illa:

107 2549 108 2554 ,
173 2510 216 2564 cui
226 2507 297 2565 color
307 2515 360 2574 est,
381 2507 492 2562 humero
505 2525 583 2579 saepe
593 2515 698 2578 patente
708 2507 797 2561 cubet.

81 2595 121 2638 505
136 2583 188 2652 Qui
199 2600 320 2638 sermone
329 2583 427 2655 placet,
449 2582 579 2637 taciturna
589 2581 693 2636 silentia
706 2590 826 2652 rumpat:

65 2676 71 2687 ’
165 2659 217 2735 qui
224 2660 300 2718 canit
310 2669 381 2731 arte,
403 2664 497 2717 canat:
518 2657 730 2731 quinionem„
744 2657 828 2709 hibat.

153 2892 286 2924 *-
