1868 2962
176 141 294 220 anias
312 171 546 221 Auarouran
569 173 640 219 ara.
660 175 694 223 11.
755 169 801 227 ult

52 272 226 346 Obsequium
236 274 372 348 tigresque
381 273 471 330 domat
480 274 649 347 tumidosque
660 275 758 333 leones.

93 350 204 404 Rustica
214 349 353 421 paullatim
364 359 458 405 taurus
468 360 552 405 aratra
562 351 645 406 subit.

54 423 127 493 Quid
140 423 191 479 luit
200 425 321 496 asperius
331 426 480 481 Nonacrina
491 425 631 481 Atalanta?
822 440 862 484 185

94 498 244 555 Succubuit
252 500 355 555 meritis
366 510 428 557 trux
437 509 523 556 tamen
537 501 581 556 illa
592 501 654 556 viri.

55 573 141 646 Saepe
150 592 214 630 suos
225 592 316 640 casus,
336 593 385 631 nec
393 579 468 632 mitia
480 576 544 632 iacta
557 575 660 648 puellas

95 649 172 705 llessc
181 650 233 705 sub
243 650 383 706 arboribus
394 651 536 708 Milaniona
548 651 645 707 ierunt.

57 724 141 796 Saepe
151 724 212 779 tulit
222 725 296 782 iusso
307 724 421 781 fallentia
434 730 496 782 retia
507 726 589 784 collo:

95 817 175 871 saepe
186 799 238 854 iera
249 808 338 856 torvos
348 802 459 872 cuspide
470 803 527 857 fixit
539 819 627 874 apros.
822 815 861 860 tto

57 873 147 930 Sensit
156 883 183 929 et
192 874 282 950 Hylaei
294 885 447 931 contentum
459 878 566 933 saucius
576 894 683 934 arcum:

96 949 144 1005 sed
156 959 243 1005 tameo
256 951 305 1006 boc
315 968 376 1006 arcu
389 954 474 1008 notior
483 953 549 1008 alter
558 961 622 1008 crat.

57 1025 118 1082 Non
129 1035 154 1080 te
163 1025 307 1081 Maenalias
317 1036 449 1082 armatum
460 1029 585 1083 scandere
594 1028 686 1094 silvas,

96 1117 146 1156 aec
156 1101 234 1156 iubeo
242 1100 310 1158 collo
320 1103 382 1156 retia
395 1101 461 1158 serre
471 1113 531 1166 tuo;

59 1185 164 1248 pectora
175 1194 223 1231 nec
233 1177 324 1231 missis
336 1177 414 1232 iubeo
424 1178 549 1250 praebere
558 1177 672 1253 sagittis
821 1190 861 1235 1⁹5

95 1250 161 1306 artis
171 1260 250 1306 erunt
258 1261 336 1308 cauto
345 1252 435 1308 mollia
446 1253 520 1308 iussa
535 1269 618 1309 rneae.

58 1326 129 1384 Cede
141 1328 315 1399 repugnanti3
336 1328 452 1385 cedendo
464 1330 547 1385 victor
556 1328 654 1384 abibis.

95 1402 149 1456 Fac
158 1382 246 1467 morlo,
268 1420 338 1475 quas
348 1413 434 1474 partes
445 1403 489 1459 illa
500 1403 615 1469 iubebit,
637 1420 710 1478 agas.

56 1475 179 1551 Arguet‘?
197 1478 315 1550 arguito;
336 1479 470 1550 quidquid
482 1477 640 1550 probatillu,
662 1479 784 1550 probato:

95 1551 168 1624 quod
178 1551 251 1618 dicit,
272 1553 360 1608 dicas:
381 1554 453 1626 quod
469 1551 615 1628 negatilla,
636 1570 726 1628 neges.
822 1567 861 1611 2⁰⁰

58 1626 174 1683 Riserit‘?
191 1627 292 1684 arride:
313 1629 335 1684 si
347 1628 423 1694 llerit,
445 1627 505 1684 llere
517 1636 658 1684 memento.

95 1704 219 1774 Imponat
228 1703 299 1778 leges
309 1704 430 1761 vultibus
441 1705 485 1760 illa
496 1705 560 1760 tuis.

56 1778 110 1834 Seu
125 1777 207 1842 ludet,
229 1797 408 1852 numerosque
419 1799 501 1837 manu
513 1778 619 1836 iactabit
627 1778 757 1836 eburnos:

96 1852 206 1909 tumale
217 1854 318 1919 iactato,
340 1865 368 1911 tu
378 1857 446 1911 bene
457 1857 523 1911 iacta
533 1855 603 1911 dato.
743 1908 745 1913 .

56 1927 110 1985 Seu
121 1929 200 1984 iacies
209 1929 284 1995 talos,
305 1931 402 1985 victam
415 1949 448 1986 oe
457 1948 542 2002 poena
552 1936 688 2001 sequatur,
821 1942 860 1985 um

94 2004 218 2060 damnosi
230 2003 307 2061 facito
317 2015 386 2061 stent
396 2007 443 2061 tibi
454 2023 532 2077 saepe
542 2022 634 2060 canes:

56 2080 115 2134 sive
126 2078 253 2134 latrocinii
265 2081 317 2135 sub
329 2081 446 2155 imagine
454 2079 574 2136 calculus
585 2081 647 2136 ibit:

94 2153 137 2210 iac
146 2156 325 2226 pereatvitreo
336 2156 413 2211 miles
422 2157 456 2211 ab
466 2156 541 2211 hoste
551 2163 624 2211 tuus.

56 2231 118 2301 lpse
128 2238 187 2284 tene
199 2229 313 2286 distenta
327 2232 385 2286 suis
396 2230 553 2286 umbracula
564 2231 661 2305 virgis:

94 2305 152 2376 ipse
163 2304 217 2360 iace
229 2306 258 2360 in
269 2307 357 2371 turba,
378 2325 431 2379 qua
441 2305 578 2368 venitilla,
600 2304 698 2361 locum.
822 2316 860 2359 21⁰

55 2381 111 2435 Noc
121 2380 214 2434 dubita
225 2385 298 2436 tereti
309 2399 449 2439 scamnum
460 2382 604 2455 producere
615 2379 694 2451 lecto:

94 2464 120 2510 et
131 2464 219 2512 tenero
232 2456 331 2512 soleam
341 2458 431 2524 demo,
451 2457 493 2513 vel
505 2457 581 2520 addc,
603 2454 675 2526 pedi.

55 2531 227 2603 Saepaetiam
238 2531 376 2598 dominae,
397 2538 524 2605 quamvis
534 2529 654 2586 horrebis
664 2536 690 2585 et
700 2527 770 2601 ipscx

93 2606 207 2678 algentis
215 2624 314 2663 manus
324 2616 364 2665 est
375 2609 544 2669 calfacienda
553 2607 633 2665 sinu.

47 2679 334 2818 lffifffirw'lpem'
358 2686 507 2768 (quamuis
518 2676 560 2748 sit
567 2697 673 2764 turpe„
689 2673 847 2760 pluffi‘ssbb
865 2679 914 2719 W*
