1868 2962
190 143 308 218 iupis
327 169 559 218 AMATORIAE
578 172 648 219 Lus.
669 174 703 220 11.
767 170 812 224 255

64 270 716 345 Sednoquedeolomentmsdiosermonodisorti:

105 365 156 403 noc
165 365 215 403 sua
224 364 340 403 vesanus
349 349 447 418 scripto
456 349 531 418 potito
543 346 620 421 legat.

65 423 112 478 Sic
121 423 228 479 monuit
236 422 373 490 Phoebus3
394 422 499 478 Phoebo
508 431 597 494 pareto
606 424 734 482 monenti.

105 498 183 553 Certa
193 497 236 552 dsi
245 505 320 553 storo
329 505 368 553 est
377 497 461 552 huius
472 497 554 554 inore
563 497 639 553 tides.
832 514 871 557 515

66 572 110 628 Ad
120 573 245 645 propiora
254 590 342 629 vooor.
372 570 503 645 Quisquis
513 573 645 644 sapienter
654 574 763 642 amabit,

106 648 210 717 vinoot;
230 654 393 708 etonostra.
416 648 489 720 quod
499 656 583 720 petet,
604 655 658 703 arte
671 647 744 704 foret.
790 700 792 705 .

67 722 174 780 Credita
184 739 238 778 non
248 740 353 795 semper
365 721 433 778 sulci
441 741 504 779 oum
515 723 619 779 ioonors
629 723 756 780 reddunt:

105 815 156 854 noo
165 815 271 870 semper
280 798 377 854 dubias
388 798 498 854 adiuvat
507 816 571 854 aura
581 806 660 854 ratos.

67 873 147 942 Quod
160 874 245 941 iuvat,
265 873 395 949 exiguum
410 881 464 943 ost;
483 873 546 946 plus
560 881 609 940 ost,
630 875 703 946 quod
718 875 797 933 laedit

605 960 734 1007 amantes.
831 966 870 1008 515

105 1025 258 1096 Proponant
268 1024 358 1080 animo
367 1023 452 1080 multo
463 1023 569 1080 ferenda
577 1043 637 1081 suo.

67 1099 139 1166 Quot
156 1099 258 1171 lepores
275 1100 305 1156 in
323 1099 407 1166 Atho,
436 1107 503 1171 quot
519 1117 582 1172 apes
600 1110 747 1171 pascuntur
766 1103 795 1157 in

602 1176 699 1240 biblo,

105 1247 211 1304 caerula
220 1256 286 1321 quot
294 1249 388 1305 baccas
397 1247 518 1305 Pallados
529 1250 606 1305 arbor
615 1195 703 1317 hyabot,

67 1323 155 1380 littore
164 1332 230 1397 quot
238 1324 367 1393 conchao;
389 1332 426 1380 tot
435 1333 500 1380 sunt
509 1325 537 1380 in
547 1343 636 1382 amore
645 1326 762 1382 dolores:

105 1417 175 1473 quae
184 1401 317 1470 patimur,
339 1399 425 1454 multo
434 1399 538 1471 spiculo
551 1400 611 1455 folio
624 1402 741 1457 madent.
831 1416 869 1458 520

66 1475 140 1530 Dicta
153 1475 203 1529 erit
215 1475 268 1530 isse
277 1473 361 1539 foras,
382 1492 465 1546 quam
476 1482 505 1529 tu
516 1474 626 1530 fortasse
635 1476 755 1532 videbis:

104 1549 253 1616 postoris,
274 1548 525 1614 ettofalsavidoro‚
546 1557 619 1621 puta.

67 1625 166 1682 clausa
176 1625 224 1681 tibi
234 1624 314 1681 fuerit
322 1625 454 1697 promissa
464 1625 544 1679 ianua
554 1631 642 1681 nocto:

37 1711 41 1718 ·
104 1698 206 1774 perfer,
227 1701 401 1757 otimmundo
413 1702 503 1773 ponito
512 1717 609 1772 corpus
620 1701 714 1757 humo.

66 1777 190 1834 Forsitan
200 1784 225 1832 st
237 1776 314 1833 vultu
324 1777 438 1833 mendax
449 1776 544 1831 ancilla
554 1777 670 1848 superbo
831 1791 869 1832 525

104 1851 189 1917 diost,
211 1850 282 1918 Quid
296 1859 399 1907 nostras
410 1852 513 1907 obsidet
522 1852 572 1906 isto
581 1851 668 1908 fores‘?

67 1926 192 1983 Postibus
202 1934 227 1981 ot
236 1925 319 1981 duros
327 1925 439 1998 supplex
450 1926 572 1981 blandire
580 1926 698 1999 puella53

105 2008 131 2056 et
140 2001 220 2073 capiti
232 2001 335 2057 demtos
346 2001 439 2057 limine
450 2019 520 2074 pons
528 2020 612 2059 rosas.

66 2077 159 2144 Quum
169 2075 252 2143 volet,
272 2077 393 2134 aocodes:
414 2077 652 2149 quumtovitabit,
676 2078 774 2133 abibis.

104 2151 215 2208 Dedecet
225 2153 355 2226 ingenuos
365 2153 450 2208 taedio
459 2152 526 2208 forro
539 2154 592 2210 sui.
830 2165 868 2207 53⁰

66 2226 191 2302 Effugere
201 2227 274 2282 huno
284 2236 400 2294 nonest,
421 2245 504 2300 quaro
515 2229 563 2284 tibi
574 2230 658 2301 possit
667 2228 752 2283 amica

103 2300 209 2358 dicero?
237 2305 295 2359 Non
306 2304 379 2359 omni
389 2311 507 2374 tempore
516 2321 612 2361 sensus
622 2304 705 2359 adest.

65 2379 121 2433 Nso
131 2377 270 2434 maledieta
280 2388 344 2450 puta
356 2396 404 2435 neo
414 2379 524 2435 verbera
535 2379 601 2435 forro
611 2377 715 2450 puellae

104 2461 197 2526 turpe,
219 2471 267 2508 noo
276 2455 309 2509 ad
320 2463 422 2511 teneros
430 2454 520 2512 osouio
533 2453 600 2510 forre
612 2452 703 2524 pedes.

66 2528 139 2596 Quid
149 2544 238 2585 moror
247 2530 275 2585 in
285 2530 393 2601 parvis?
412 2532 519 2586 animus
530 2529 676 2584 maioribus
688 2529 776 2583 instat.
830 2540 868 2582 535

104 2605 319 2678 Magnaoanam:
340 2613 393 2661 toto
402 2615 519 2679 pectore,
540 2603 754 2678 vulgiso-odos.

63 2678 307 2742 Ardoomolimur:
328 2681 376 2742 sed
387 2682 483 2754 nulla,
502 2680 676 2749 pisioiboo,
693 2680 799 2734 simis.
