1868 2962
132 151 165 206 76
328 157 356 202 Ρ.
378 157 506 204 ovrurr
524 158 693 203 ursorum

79 273 116 314 115
131 259 187 314 Illic
198 265 221 313 te
231 252 352 326 invenio;
373 275 538 331 quamquam
549 259 704 332 regionibus
714 259 799 315 absis.

169 333 220 389 Sed
233 351 286 388 non
300 333 378 407 longa
390 335 454 389 satis
465 334 564 408 gaudia
573 352 685 389 somnus
698 334 787 389 habet.

131 409 213 481 Saepe
222 416 282 465 tuos
293 417 381 465 nostra
391 410 492 464 cervice
501 427 610 464 onerare
621 409 739 475 lacertos,

169 502 246 557 saepe
255 493 316 540 tuae
326 485 600 556 videorsupposuisse
608 502 692 540 meos.

130 560 254 616 Blandior
264 560 408 625 interdum,
421 560 545 632 verisque
555 559 691 615 simillima
702 561 784 614 verba

77 647 115 690 111
167 634 291 707 eloquor:
312 643 338 690 et
347 634 461 708 vigilant
470 635 595 689 sensibus
605 653 650 690 ora
660 636 738 690 meis.

130 709 227 765 Oscula
236 727 375 784 cognosco,
387 727 457 781 quae
468 717 496 764 tu
506 711 669 765 committere
678 711 796 785 linguae,

168 793 282 858 aptaque
294 801 437 840 consueras
447 786 572 856 accipere,
584 793 643 857 apta
653 785 725 840 darc.

130 860 257 916 Ulteriora
266 860 348 932 pudet
359 877 478 914 narrare:
499 859 546 914 sed
556 860 645 915 omnia
657 861 733 915 liunt.

166 937 201 990 Et
210 936 293 1001 iuvat,
304 936 395 989 etsine
405 937 430 989 t'e
442 954 495 991 non
506 935 570 990 libet
579 953 637 990 esse
647 935 725 989 mihi.

76 1024 114 1065 135
130 1011 164 1066 ht
172 1028 259 1083 quum
270 1027 298 1066 se
308 1011 384 1066 Titan
393 1010 515 1077 ostendit,
527 1018 552 1065 et
560 1010 651 1066 omnia
662 1028 762 1077 secum,

167 1095 221 1142 tam
233 1087 285 1142 cito
294 1104 337 1141 me
346 1105 455 1143 somnos
465 1086 616 1142 destituisse
626 1103 732 1158 queror.

129 1162 211 1218 Antra
227 1179 377 1235 nemusque
389 1171 462 1234 peto;
483 1171 612 1234 tanquam
633 1179 728 1216 nemus
748 1170 846 1236 antraq

606 1237 718 1309 prosint.

132 1364 134 1368 ,
166 1311 278 1368 Conscia
287 1312 388 1368 deliciis
397 1311 442 1367 illa
455 1311 527 1367 fuere
536 1313 613 1368 meis.

130 1387 196 1443 Illuc
206 1388 302 1442 mentis
313 1387 400 1459 inops,
412 1397 533 1460 utquam
544 1387 646 1442 furialis
656 1387 783 1444 Erichtho

78 1471 115 1517 1111
167 1462 284 1536 impulit,
296 1463 325 1518 in
335 1462 403 1519 collo
412 1463 484 1518 crine
498 1463 606 1529 iacente,
619 1462 696 1518 feror.

129 1538 211 1594 Antra
221 1538 313 1594 vident
323 1537 393 1594 oculi
406 1539 499 1594 scabro
508 1538 652 1615 pendentia·
660 1537 749 1609 topho,
810 1566 812 1571 v

167 1615 312 1687 quaemihi
323 1613 460 1688 Mygdonii
471 1614 611 1668 marmoris
621 1615 705 1668 instar
715 1622 800 1670 erant.
837 1666 843 1671 .

130 1689 239 1744 Invenio
249 1689 355 1754 silvam,
367 1706 436 1759 quae
445 1704 522 1760 saepe
532 1687 629 1743 cubilia
640 1689 717 1744 nobis

167 1763 297 1836 praebuit,
309 1773 334 1818 et
343 1763 427 1818 multo
439 1764 503 1819 texit
511 1781 591 1835 opaca
600 1781 689 1819 coma:

76 1846 114 1892 115
129 1847 155 1894 at
165 1857 218 1894 non
229 1839 336 1894 invenio
345 1839 485 1896 dominum
496 1839 632 1912 silvaeque
645 1857 799 1913 meumque.

110 1949 114 1957 ·
166 1913 224 1970 Vile
234 1913 322 1969 solum
333 1914 406 1970 locus
417 1922 472 1969 est:
493 1915 542 1970 dos
551 1923 605 1970 erat
616 1914 660 1969 ille
671 1915 730 1970 loci.

129 1989 233 2063 Agnovi
243 2006 348 2060 pressas
360 1991 414 2045 noti
427 1991 494 2045 mihi
505 1991 612 2062 cespitis
622 1991 732 2046 herbas:

166 2064 199 2118 de
211 2071 300 2119 nostro
308 2081 422 2120 curvum
432 2065 548 2138 pondere
556 2084 666 2140 gramen
677 2076 741 2121 crat.

130 2137 252 2203 Incubui,
265 2140 391 2212 tetigique
400 2141 497 2207 locum,
512 2160 566 2214 qua
577 2150 649 2213 parte
659 2141 743 2197 suisti.

75 2225 115 2268 1511
168 2214 247 2269 Grata
257 2214 333 2285 prius
344 2215 465 2271 lacrimas
475 2217 603 2272 combibit
613 2217 693 2271 herba
708 2235 791 2273 meas.

130 2288 202 2356 Quin
212 2289 291 2344 etiam
301 2290 368 2361 rami
378 2292 472 2361 positis
483 2291 573 2365 lugere
582 2292 707 2347 videntur

167 2364 317 2430 frondibus,
329 2373 354 2419 et
363 2365 452 2421 nullae
462 2365 539 2421 dulce
549 2376 699 2439 queruntur
712 2385 784 2422 aves.

130 2440 190 2496 Sola
200 2441 291 2496 virum
301 2459 354 2496 non
363 2441 419 2496 ulta
428 2441 472 2513 pie
481 2444 658 2497 moestissima
670 2450 754 2496 mater

22 2557 23 2562 ,
168 2516 284 2572 concinit
295 2517 437 2572 Ismarium
446 2516 553 2570 Daulias
566 2519 619 2572 ales
630 2520 699 2591 ltyn.

73 2604 115 2645 155
128 2591 192 2647 Ales
205 2593 274 2666 Ityn,
286 2592 393 2665 Sappho
403 2592 519 2647 desertos
530 2601 617 2647 oanmt
625 2610 738 2648 amores.

150 2668 302 2739 Hactenus,
321 2669 453 2729 utmedia
462 2675 565 2727 caetera
575 2676 652 2726 nocta
660 2666 752 2722 silent.
