1868 2962
211 140 377 189 Altonum
395 138 466 185 me.
485 139 518 186 11.
539 142 596 187 EL.
615 142 657 186 1⁶.
768 135 816 190 475

37 252 38 255 ’
67 247 133 301 Tam
144 243 213 299 bene
224 242 382 308 convenias,
406 223 489 313 quam
498 258 604 297 meeum
613 243 799 314 convenitilli;

104 328 130 375 et
138 319 257 394 digitum
267 319 337 374 iusto
346 316 504 374 commodus
513 316 577 373 orbe
589 326 666 374 teras.

67 395 158 461 Felix,
181 392 492 458 edominatraotaberis,
513 392 626 459 annule,
646 401 744 450 nostra.

104 469 217 527 Invideo
226 469 304 526 donis
317 470 371 525 iam
382 468 464 524 miser
473 468 531 541 ipse
541 469 619 523 meis.

65 548 89 604 0
99 547 207 603 utinam
216 545 306 601 subito
316 544 371 600 fieri
382 562 441 599 mea
451 561 562 599 munera
572 561 679 616 possem

105 622 210 678 artibus
223 619 331 686 Aeaeis,
356 619 526 691 Carpathiive
538 620 625 675 senisl
845 635 870 676 to

66 700 145 755 Tune
156 715 205 771 ego
215 704 240 751 te
249 696 357 768 cupiam
367 695 490 750 dominae
501 695 618 769 tetigisse
628 694 751 767 papillas,

105 783 132 829 et
142 772 246 829 laevam
259 771 358 827 tunicis
367 771 514 826 inseruisse
524 788 646 826 manum.

68 849 167 905 Elabar
174 847 272 922 digito,
293 847 418 920 quamvis
429 854 560 920 angustus
571 855 595 901 et
605 847 732 915 haerens;

106 925 191 997 inque
203 923 295 978 sinum
309 924 375 978 mira
386 921 464 992 laxus
476 923 510 977 ab
523 930 578 977 arte
587 923 690 978 eadam.

67 1000 141 1056 ldem
154 1016 217 1074 ego,
241 1006 272 1052 ut
281 1015 389 1053 arcanas
398 997 500 1069 possim
511 998 618 1072 signare
632 997 749 1064 tabellas,
846 1010 870 1053 15

107 1091 174 1131 neve
186 1081 265 1130 tenax
273 1074 361 1129 cerem
371 1074 495 1144 siecaque
503 1090 610 1146 gemma
620 1073 715 1139 trahat,

66 1149 181 1206 humida
193 1147 322 1205 formosae
332 1157 439 1222 tangam
449 1148 526 1220 prius
535 1166 580 1204 ora
593 1148 710 1220 puellae:

105 1232 212 1282 tontum
221 1241 255 1280 ne
265 1224 369 1299 signem
380 1223 476 1296 scripta
486 1222 598 1279 dolenda
608 1224 686 1279 mihi.

65 1302 95 1358 Si
106 1300 205 1367 dabor,
226 1299 482 1368 uteondarloeulis;
504 1299 576 1355 exire
589 1300 700 1374 negabo,

105 1375 276 1450 adstringens
284 1375 382 1450 digitos
391 1375 455 1431 orbe
465 1375 568 1431 minore
577 1383 647 1432 tuos.
847 1388 871 1430 tt

65 1454 128 1509 Non
142 1450 320 1526 egodedecori
331 1451 380 1506 tibi
391 1468 468 1516 sum,
489 1469 547 1505 mea
560 1452 630 1518 vita,
653 1450 771 1516 iuturus,

106 1526 213 1601 quodve
222 1533 294 1582 tener
304 1526 405 1601 digitus
415 1525 483 1580 ferre
493 1534 608 1591 recuset,
626 1543 706 1581 onus.

66 1604 111 1660 llle
122 1619 199 1678 gere,
219 1618 306 1674 quum
316 1601 410 1657 calidis
419 1599 564 1675 perfundes
573 1600 708 1656 imbribus
717 1607 804 1671 artus,

106 1678 258 1750 damnaque
271 1677 324 1731 sub
334 1680 441 1752 'gemma
450 1676 537 1749 perfer
546 1677 635 1733 euntis
645 1694 740 1750 aquae.

66 1753 130 1820 Sed,
151 1760 224 1826 puto,
246 1759 271 1806 te
284 1752 356 1808 nuda
366 1771 423 1808 mea
434 1754 555 1808 membra
565 1753 676 1809 libidine
686 1761 805 1828 surgent,
847 1765 872 1808 25
906 1750 909 1756 ’

107 1836 133 1884 et
145 1835 252 1958 peraget
260 1835 348 1900 partes
358 1827 475 1884 annulus
486 1830 544 1901 ipse
553 1828 616 1884 viri.

73 1904 202 1977 irritaqui
232 1901 333 1959 voveo‘l
351 1904 466 1958 Parvum
478 1904 643 1976 proficiscere
652 1921 763 1960 munus.

107 1978 156 2035 llln
163 1979 252 2035 datam
263 1985 350 2035 mum
359 1980 455 2035 sentiat
465 1997 523 2035 esse
533 1978 622 2035 fidem.

253 2155 496 2212 ELEGIA
542 2157 636 2212 xvl.

96 2268 121 2333 le
132 2294 195 2350 pars
206 2274 300 2332 Sulmo
312 2281 383 2330 tenet
393 2275 498 2351 Peligni
508 2277 583 2332 tertia
594 2277 675 2342 ruris,

107 2369 205 2425 parva,
226 2351 273 2406 sed
284 2351 330 2405 irri
370 2350 394 2405 is
406 2369 450 2407 ora
461 2351 577 2414 salubris
587 2353 675 2425 equis.

106 2428 113 2483 l
127 2427 188 2483 lieet
196 2426 302 2483 admoto
313 2434 337 2479 te
349 2425 433 2481 lurem
446 2427 532 2482 sidere
545 2427 637 2493 findat,

112 2512 133 2558 et
143 2504 222 2558 micet
232 2502 307 2557 learii
318 2501 394 2557 stella
404 2503 623 2575 protervaeanis3

118 2587 314 2653 apererrantur
323 2577 432 2653 Peligna
442 2577 611 2654 liquentibus
619 2575 722 2635 randis:
867 2586 890 2625 ἢ

122 2663 130 2703 t
142 2653 244 2707 viretis
255 2659 345 2710 tenero
354 2653 453 2715 fertilis
466 2656 553 2715 herba
564 2654 637 2715 sele.
