1868 2962
188 168 308 217 ARTIS
328 167 562 216 AMATORIAE
581 169 650 216 ΗΒ.
671 169 705 216 11.
768 164 819 218 235

106 270 217 347 longius
228 270 341 343 insidias
350 287 427 324 cerva
437 269 538 325 videbit
546 288 625 326 nnus.

65 347 96 403 Si
107 347 202 403 doctus
212 344 317 402 videare
326 344 402 411 rudi,
423 344 579 417 petulansve
588 344 707 418 pudenti,

35 439 38 443 ·
106 420 211 478 diffidet
220 421 464 496 miserneprotinus
475 419 519 475 illa
530 420 594 476 sihi.

65 496 135 553 Inde
147 497 191 564 iit,
211 505 256 563 ut,
278 496 787 570 quaesetimuitcommitterehouestu,

106 570 171 627 vilis
181 572 210 627 iu
220 571 362 645 amplexus
371 569 503 628 inferioris
513 580 564 627 eat.
835 586 875 629 77⁰

67 649 135 704 Purs
145 655 254 720 superat
263 648 362 720 coepti,
382 663 445 720 pars
454 656 494 702 est
505 647 650 715 exhaustu,
672 646 779 704 laboris.

107 722 367 780 ilieteueatnostrss
376 724 547 780 meorniecta
557 733 637 781 rates.
825 726 834 739 “

217 900 376 958 LIBER
406 897 683 958 SECUNDUS·

68 1013 177 1089 Dicite,
198 1022 227 1078 Io
236 1023 336 1077 Paean:
358 1028 396 1088 et,
417 1022 459 1087 10,
481 1021 625 1088 bisdicite‚
645 1022 742 1078 Paean.

107 1096 210 1152 Decidit
222 1097 250 1153 in
260 1114 349 1152 nasses
359 1096 455 1170 praede
464 1097 545 1169 petitu
555 1114 638 1152 meos.

67 1173 168 1229 Laetus
177 1189 271 1228 umens
280 1173 361 1229 donet
370 1171 450 1228 viridi
460 1189 519 1260 ipen
528 1173 646 1260 earmina
656 1171 760 1244 palme:

68 1246 723 1398 uatttffiittttdtttdittunn
863 1337 874 1378 ⁵

108 1397 222 1454 eandida
230 1412 294 1456 eum
304 1408 377 1473 rupta
387 1399 501 1474 eoniuge
509 1399 567 1455 vein
577 1399 665 1455 debat.

69 1473 144 1531 Talis
153 1482 222 1541 erut,
243 1475 291 1548 qui
303 1483 418 1530 tecurru
427 1473 643 1540 victoreferebut‚

108 1557 182 1606 veen
193 1550 340 1626 peregrinis
350 1549 541 1623 Hippodamein
551 1549 625 1604 rotis.

70 1624 145 1694 Quid
152 1642 289 1699 properas,
303 1624 429 1683 iuvenis?
446 1625 541 1681 Mediis
551 1633 598 1679 tua
607 1624 689 1697 pinus
700 1625 728 1679 in
738 1624 819 1679 undis

109 1701 231 1776 navigat:
252 1709 278 1757 et
288 1701 381 1776 louge,
399 1718 482 1775 quem
492 1709 566 1774 peto,
587 1708 680 1773 portus
691 1700 774 1758 abest.
849 1711 875 1753 1⁰

69 1779 132 1834 Non
140 1777 206 1833 satis
218 1778 354 1834 invenisse
363 1778 411 1833 tibi
421 1785 462 1833 est
470 1795 513 1832 me
523 1785 583 1832 vate
592 1776 723 1848 puellam:

109 1859 232 1909 numen
241 1862 317 1925 napta
326 1860 379 1919 est,
401 1852 704 1908 artetenendemeaest.

69 1929 127 1984 Nee
135 1927 224 1985 minor
231 1935 272 1983 est
281 1928 381 1994 virtus,
403 1944 485 2000 quam
495 1944 634 1998 quaerere,
655 1934 729 1999 parts
741 1928 816 1981 tueri.

109 2002 197 2060 Cusus
205 2004 275 2061 inest
284 2003 354 2059 iilic:
375 2004 420 2059 hie
428 2002 551 2058 enitentis
561 2020 639 2075 opus.

69 2080 151 2135 Nune
162 2079 245 2145 mihi,
266 2079 417 2152 siquando,
438 2080 508 2133 Puer
517 2085 543 2133 et
551 2077 689 2153 Cytheren,
711 2077 808 2131 favete:
850 2087 876 2128 15

109 2171 184 2211 nune
192 2155 286 2210 Erato:
308 2173 371 2210 uum
381 2161 411 2209 tu
422 2171 519 2209 nomen
529 2155 627 2210 umoris
638 2153 730 2208 habes.

70 2231 110 2301 M,
135 2247 170 2286 nu
179 2246 259 2303 par03
271 2247 341 2303 quas
349 2230 435 2303 possit
443 2228 526 2286 Amor
534 2246 670 2285 remunero
682 2245 730 2300 per
740 2234 817 2291 artes,

127 2305 209 2371 inere,
230 2313 285 2360 tum
295 2314 370 2361 vestu
379 2322 513 2379 pervagus
522 2305 586 2361 urbe
594 2322 671 2376 puer,

69 2381 105 2436 Et
115 2379 241 2446 levisset,
261 2387 288 2435 et
297 2381 376 2435 habet
384 2381 515 2454 geminas,
532 2376 737 2453 quihusevolet,
752 2376 818 2431 uias.

108 2454 223 2511 Difficile
231 2462 272 2510 est
281 2453 336 2509 illis
346 2455 509 2526 imposuisse
518 2455 640 2511 modum.
850 2460 876 2502 tu

70 2530 191 2604 Hospitis
200 2529 299 2604 effugio
308 2528 486 2602 praecluserat
494 2527 691 2586 omninMinos.

108 2605 245 2662 Audacem
255 2605 352 2678 pennis
362 2606 459 2678 reperit
468 2605 512 2660 ille
521 2604 603 2658 viam.

71 2679 205 2738 Daedalus
215 2688 246 2737 ut
256 2679 353 2738 elausit
361 2688 518 2753 enncsptum
531 2676 750 2734 criminemuuu
