1868 2962
268 98 560 178 mancipasses.
574 133 608 177 11.
794 125 810 176 e

103 229 213 284 nomine
223 227 336 286 feminco
346 230 394 286 vix
403 231 466 286 satis
477 240 536 303 apta
544 233 615 306 regi:

65 320 119 374 qua
129 311 201 375 patet
210 305 369 365 umbrosum
374 305 500 378 Rhodope
508 307 625 380 glacialis
630 306 809 374 adllaemum,

103 386 128 433 et
137 395 212 439 sacer
220 379 352 439 admissas
360 381 445 454 exigit
452 383 556 441 Hebrus
564 400 662 455 aquas:

65 453 178 508 cuimea
190 454 333 528 uirginitas
342 457 438 512 avibus
449 455 530 512 libata
538 457 662 524 sinistris,
826 469 865 512 115

103 536 229 601 castaque
239 528 325 584 fallaci
334 548 401 586 zona
410 532 524 587 recincta
533 550 625 588 manu.

65 604 191 659 Pronuba
200 604 344 676 Tisiphone
356 605 480 662 thalamis
488 606 602 662 ululavit
610 607 638 661 in
648 607 711 677 illis,

104 685 130 751 et
140 679 236 734 cecinit
245 688 376 736 moestum
389 681 465 736 devia
474 700 580 736 carmen
590 681 657 736 avis.

66 750 159 809 Adfuit
168 752 267 820 Alecto,
279 755 406 810 brevibus
416 764 536 829 torquata
545 757 676 813 colubris:

103 837 222 901 suntque
231 829 373 901 sepulcrali
383 829 485 885 lumina
496 839 565 887 mota
576 831 640 886 iace.
826 845 864 887 12โฐ

65 905 165 960 Moesta
175 911 264 960 tamen
276 903 399 977 scopulos
409 905 586 978 fruticosaque
599 906 684 962 littora
695 906 778 962 calco:

103 996 212 1052 quaque
221 988 312 1051 patent
320 980 404 1035 oculis
413 999 527 1052 aequora
536 981 587 1036 lata
595 983 671 1036 meis.

65 1053 128 1110 Sive
136 1054 182 1110 die
191 1054 295 1111 laxatur
304 1055 414 1120 humus,
426 1073 473 1111 seu
486 1055 582 1130 frigida
592 1056 680 1113 lucent

103 1129 201 1196 sidera,
212 1130 354 1203 prospicio,
366 1131 429 1202 quis
438 1128 502 1187 freta
512 1140 608 1187 ventus
618 1141 690 1205 agat:

65 1214 91 1259 et
100 1221 288 1278 quaecumque
296 1205 388 1276 procul
397 1205 530 1264 venientia
541 1205 620 1261 lintea
631 1206 695 1271 vidi,
828 1219 865 1260 ras

104 1281 227 1352 protinus
237 1279 282 1336 illa
293 1298 366 1337 moos
376 1298 493 1356 auguror
502 1299 560 1339 esse
569 1281 641 1337 deos.

67 1356 98 1411 ln
107 1355 173 1410 freta
182 1373 318 1428 procurro,
329 1357 377 1413 vix
386 1374 429 1412 me
439 1357 613 1413 retinentibus
623 1356 713 1421 undis,

104 1430 204 1486 mobile
212 1448 266 1503 qua
276 1432 376 1504 primas
387 1432 499 1507 porrigit
507 1449 605 1504 aequor
614 1449 707 1503 aquas.

66 1505 126 1573 Quo
136 1506 223 1581 magis
233 1508 370 1573 accedunt,
381 1509 472 1564 minus
484 1515 510 1563 et
519 1508 610 1564 minus
619 1507 693 1562 utilis
703 1506 790 1574 adsto,

104 1581 223 1654 linquor,
234 1590 260 1636 et
270 1582 375 1638 ancillis
385 1582 623 1654 excipiendacado.
827 1593 865 1634 rao

65 1657 116 1714 Est
125 1657 212 1722 sinus,
226 1656 353 1713 adductos
363 1658 465 1715 modice
475 1657 584 1713 falcatus
595 1658 622 1716 in
634 1673 710 1711 arcus
721 1671 731 1710 :ยน

26 1783 30 1789 .
105 1731 200 1787 ultima
210 1741 351 1805 praerupta
361 1752 460 1790 cornua
471 1733 540 1791 mole
549 1733 645 1807 rigent.

67 1806 136 1863 Hinc
145 1807 213 1862 mihi
226 1809 377 1880 suppositas
387 1809 529 1864 immittere
537 1826 633 1879 eorpus
642 1807 668 1861 in
681 1806 766 1861 undas

105 1900 182 1938 mens
192 1881 256 1951 fain
277 1893 311 1949 et,
325 1886 453 1957 quoniam
462 1883 551 1939 fallere
561 1884 658 1957 pergis,
673 1883 731 1937 erit.

67 1955 109 2013 Ad
119 1965 164 2014 tua
174 1975 217 2015 me
226 1957 322 2015 {luctus
331 1960 473 2032 proiectam
483 1958 568 2014 littora
577 1965 689 2031 portent,
827 1966 866 2009 135

105 2050 297 2106 occurramque
306 2033 390 2092 oculis
401 2032 559 2091 intumulata
572 2035 634 2089 tuis.

68 2108 171 2162 Duritia
180 2107 280 2164 lerrum
291 2118 321 2165 ut
332 2118 450 2180 superes,
467 2108 668 2180 adamantaque,
679 2115 771 2179 teque:

105 2184 166 2238 Non
176 2183 222 2238 tibi
234 2184 282 2248 sic,
294 2183 375 2250 dices,
388 2183 485 2258 Phylli,
497 2183 648 2255 sequendus
659 2200 741 2237 eram.

69 2257 152 2329 Saepe
160 2276 324 2314 venenorum
337 2260 396 2313 sitis
406 2268 445 2313 est
458 2258 540 2313 mihi:
561 2277 638 2330 saepe
648 2264 757 2312 cruenta

106 2333 240 2388 traiectam
250 2332 339 2407 gladio
350 2342 432 2389 morte
442 2333 526 2404 perire
536 2334 619 2388 iuvat.
828 2337 867 2384 tto

70 2406 143 2464 Colla
153 2425 271 2480 quoque,
286 2408 376 2463 infidis
388 2426 490 2480 quaese
500 2408 625 2463 nectenda
636 2405 739 2460 lacertis

107 2483 295 2555 praebuerant,
311 2482 413 2555 laqueis
422 2482 587 2553 implicuisse
597 2481 669 2536 libet.

67 2557 126 2614 Stat
135 2567 310 2629 nmematura
321 2565 442 2619 tenerum
452 2574 568 2634 pensare
574 2555 728 2634 puheramf,

100 2634 129 2688 1'11
137 2634 212 2703 aero
220 2633 336 2709 eloam
344 2653 435 2715 pava
443 2635 542 2709 maura
552 2654 637 2707 mors
647 2642 701 2697 sa.
