1868 2962
131 115 227 191 raa¹
320 121 349 168 1².
369 118 684 168 0v1n11rrasonr1s
768 96 771 100 ’

289 373 462 428 Ianum
487 372 743 428 TERTIUS.

328 605 329 608 Ἰ
351 517 377 572 Ε
396 518 422 574 L
439 518 465 573 E
485 517 514 575 G
531 517 546 572 l
564 519 592 574 Α
637 517 663 573 Ι.

130 664 193 730 Stat
202 680 279 729 vetus
287 681 313 729 et
323 670 422 729 multos
433 672 542 728 incidua
554 670 623 729 silva
631 689 680 745 per
689 690 789 731 annos:

166 747 293 806 credibile
301 755 341 803 est
350 746 391 804 illi
404 766 507 805 numen
516 748 605 804 inesse
615 746 681 804 loco.

129 826 200 882 Fons
211 841 284 880 sacer
293 824 320 880 in
332 823 429 890 medio,
440 823 623 897 speluncaque
630 823 739 896 pumice
745 825 822 898 pandi

167 908 193 956 et
202 900 282 956 latore
291 916 325 955 ex
333 901 408 955 omni
417 899 495 955 dulce
503 907 655 973 queruntur
664 917 739 955 aves.

75 989 87 1031 5
129 977 177 1032 llic
186 994 235 1051 ego
244 976 309 1031 dum
320 975 420 1047 spatior
429 983 513 1030 tectus
524 974 707 1031 nemoralibus
717 976 822 1032 umbris

165 1051 240 1124 quod
249 1068 322 1118 mea,
343 1051 519 1124 quaerebam,
541 1051 618 1108 Musa
631 1059 751 1108 moveret
759 1069 822 1125 opur

129 1127 209 1184 Venit
217 1123 338 1183 odoratos
348 1124 381 1182 El
415 1126 536 1182 eianexa
546 1125 671 1200 capillos:

167 1210 206 1270 et,
226 1210 306 1276 puto,
326 1202 403 1274 pesil
416 1200 690 1276 ilongioraltererat.

129 1279 226 1334 Forma
235 1277 346 1347 decens;
363 1277 630 1347 vestistenuissima3
646 1275 741 1334 vultus
751 1297 822 1336 amar

75 1368 101 1410 ro
158 1354 196 1409 'in
205 1352 320 1426 pedibus
330 1352 428 1409 vitium
437 1369 532 1409 caussa
542 1353 645 1410 decoris
655 1362 719 1409 erat.

128 1429 208 1486 Venit
216 1435 242 1484 et
251 1428 354 1504 ingenti
363 1427 479 1486 violenta
489 1429 634 1504 Tragoedia
643 1446 744 1502 passu:

167 1503 253 1562 fronte
261 1522 353 1562 comae
362 1512 452 1571 torva,
474 1504 545 1578 palla
558 1505 659 1560 iacebat
667 1505 758 1561 humi.

129 1582 216 1637 Laeva
228 1599 325 1638 manus
338 1588 474 1652 sceptrum
485 1580 535 1636 late
544 1579 631 1654 regale
642 1579 762 1638 tenebat:

166 1657 271 1730 Lydius
280 1656 332 1711 alta
340 1656 441 1731 peplum
452 1654 540 1712 vincla
549 1655 698 1712 cothurnus
707 1665 775 1713 erat.

75 1744 101 1787 15
128 1733 163 1787 Et
172 1731 258 1804 prior,
278 1724 453 1803 Ecquis'erit‚
475 1731 557 1797 dixit,
578 1731 627 1786 tibi
638 1731 700 1785 finis
713 1732 822 1789 amandi

167 1826 183 1863 o
192 1807 344 1881 argumenti
355 1806 424 1863 lenta
433 1815 510 1880 pocta
520 1807 574 1861 tui!

128 1882 282 1955 Nequitiam
292 1883 386 1939 vinosa
394 1891 469 1939 mam
478 1881 601 1938 convivia
611 1889 730 1948 narrant,

167 1966 276 2014 narrant
286 1959 314 2013 in
329 1958 427 2015 multas
439 1958 555 2031 compita
564 1964 634 2013 secta
644 1956 713 2014 vias.

130 2035 212 2107 Saepe
222 2033 321 2106 aliquis
330 2033 415 2108 digito
424 2042 512 2091 vatem
522 2033 644 2108 designat
653 2041 773 2099 euntem,

76 2124 101 2167 20
166 2119 246 2183 atque
255 2112 307 2174 ait,
327 2108 391 2175 llic,
413 2110 457 2165 hic
466 2117 520 2176 est,
540 2126 623 2181 quem
636 2108 710 2165 forus
724 2111 780 2165 urit
789 2109 822 2167 Ar

131 2186 248 2252 Fabula,
268 2201 316 2241 nec
335 2184 433 2250 sentis,
454 2193 507 2240 tota
517 2185 622 2240 iactaris
634 2184 664 2241 in
672 2184 755 2252 Urbe,

168 2262 233 2318 dum
245 2270 291 2316 tua
300 2259 448 2333 postposito
458 2260 525 2316 lacta
535 2260 637 2333 pudore
646 2259 738 2315 refers.

131 2339 249 2410 Tempus
259 2344 315 2393 erat
326 2336 419 2410 thyrso
429 2334 532 2391 dudum
542 2336 664 2410 graviore
673 2337 789 2392 moveri.

168 2412 307 2468 Cessatum
317 2411 382 2467 satis
393 2417 448 2465 est:
469 2411 557 2484 incipe
570 2412 659 2467 maius
669 2429 749 2484 opus.

77 2499 103 2550 25
131 2488 239 2544 Materia
249 2488 349 2561 premis
358 2485 514 2561 ingenium3
536 2505 601 2543 cane
610 2486 677 2542 facta
687 2487 822 2543 virorum:

166 2563 348 2632 lraecanimo‚
371 2564 459 2628 dices,
481 2563 701 2638 areadignameo
711 2571 761 2617 est.

117 2639 202 2709 Quod
210 2648 320 2703 tenerae
330 2649 457 2711 cantent,
477 2637 548 2697 lusit
554 2639 709 2704 tuallusa„
721 2637 822 2709 puellae

433 2878 443 2907 1
