1874 3030
260 116 469 163 Ennomon.
497 117 552 162 ΕΡ.
567 117 598 163 11.
770 111 798 164 21

94 217 166 274 laesa
176 233 274 291 queror
282 216 316 273 de
324 224 359 284 ta,
370 216 394 272 ei
404 216 472 272 sinis
482 216 549 289 ipse,
560 235 629 272 meo.

57 295 124 363 Quis
133 294 201 349 deus
210 292 336 366 opposuit
344 292 498 349 nostrissua
507 294 618 348 numina
630 290 717 348 votis?
847 304 859 346 5

95 388 130 426 ne
140 377 185 424 tua
194 386 376 441 permaneam,
386 367 460 441 quod
470 367 538 421 mihi
547 369 647 422 crimen
656 366 749 422 obest‘?

57 447 175 511 Leniter,
186 461 221 499 ex
229 445 323 500 merito
331 442 465 516 quidquid
474 443 583 515 patiare,
596 442 733 498 ferendum
745 450 798 497 est:

93 537 166 594 quae
175 519 382 594 venitindignae
389 535 485 594 poena,
499 517 611 574 dolenda
621 519 703 574 venit.

57 596 186 653 Nondum
197 602 287 650 tantus
295 612 363 660 eras,
376 611 463 666 quum
472 601 498 648 te
507 601 627 649 eontenta
639 594 742 659 marito,

70 697 73 701 ⁴
96 671 166 727 edita
175 670 209 725 de
218 687 315 744 magno
324 668 435 725 flumine
442 669 577 743 Nympha,
590 667 640 723 fui.
834 680 860 722 re

58 746 112 814 Qui
122 763 196 801 nuno
205 744 352 800 Priamides
362 744 441 818 (adsit
449 744 595 799 reverentia
606 741 689 814 vero.)

97 839 193 878 servus
203 838 275 889 eras3
296 837 373 876 servo
383 820 483 875 nubere
493 819 619 894 Nympha
630 817 690 873 tuli.

59 897 143 970 Saepe
151 913 246 971 greges
255 894 324 950 inter
333 895 516 971 requievimus
526 895 618 949 arbore
627 893 700 961 teoti3

97 973 231 1044 mistaque
239 988 302 1026 oum
310 969 381 1026 ioliis
390 970 513 1042 praebuit
521 969 603 1025 herba
613 978 710 1024 torum.

60 1048 143 1121 Saepe
152 1063 233 1120 super
242 1054 359 1103 stramen
368 1045 497 1118 foenoque
506 1045 652 1100 iacentibus
663 1044 714 1100 alto
836 1056 861 1098 15

23 1128 27 1136 '
97 1122 205 1178 defensa
214 1129 255 1177 est
263 1120 361 1176 humili
370 1139 436 1176 cana
445 1121 543 1193 pruina
551 1137 621 1175 oasa.

61 1199 126 1266 Quis
137 1197 186 1254 tibi
196 1197 359 1253 monstrabat
368 1197 452 1252 saltus
462 1195 602 1252 venatibus
612 1201 696 1265 apios,

97 1282 124 1330 et
132 1280 230 1348 tegeret
238 1271 338 1328 eatrrlos
347 1290 400 1345 qua
410 1271 463 1326 fera
475 1288 540 1342 rupe
550 1269 632 1325 suos‘?

61 1351 134 1405 Retia
143 1365 222 1420 saepe
230 1364 318 1403 eomes
329 1346 442 1404 maculis
451 1345 575 1402 distincta
584 1343 680 1400 tetendi
688 1363 695 1413 3

99 1442 178 1496 saepe
187 1423 304 1497 citosegi
317 1439 364 1494 per
373 1423 437 1497 iuga
447 1439 555 1480 summa
565 1438 654 1477 canes.
837 1434 862 1476 ro

62 1501 163 1556 Incisae
171 1505 279 1553 servant
288 1516 303 1553 a
311 1505 337 1553 te
347 1515 407 1552 mea
416 1498 525 1554 nomina
534 1495 598 1569 fagi,

100 1583 125 1630 et
134 1574 208 1648 legor
216 1571 324 1628 Oenone
332 1570 399 1628 falce
408 1579 496 1628 notata
505 1579 567 1626 tua:

64 1660 88 1705 et
97 1657 231 1722 quantum
240 1648 337 1713 aunei,
353 1655 456 1703 tantum
467 1663 526 1703 mea
537 1645 646 1703 nomina
655 1654 785 1702 crescunt.

99 1724 214 1781 Crescite
222 1731 248 1778 et
256 1724 286 1778 in
294 1722 384 1779 titulos
394 1723 495 1797 surgite
504 1729 574 1777 reeta
582 1740 665 1777 meos.

64 1799 181 1872 Populus
191 1806 239 1864 est,
250 1798 370 1865 memini,
381 1797 482 1855 fluviali
492 1798 593 1855 consita
603 1799 669 1869 ripa,
837 1809 862 1851 25

99 1876 177 1931 estin
187 1892 241 1947 qua
254 1873 335 1930 nostri
345 1873 419 1931 litera
428 1874 525 1946 scripta
535 1890 647 1929 memor.

66 1949 172 2023 Populo,
184 1950 245 2005 vive
254 1967 355 2021 precor,
365 1966 436 2022 quae
445 1948 545 2005 consita
557 1949 677 2022 margine
688 1948 759 2019 ripae

55 2072 58 2077 .
101 2027 150 2082 hoc
160 2027 189 2080 in
199 2042 297 2098 rugoso
305 2025 401 2080 eortina
409 2041 516 2080 carmen
529 2025 625 2079 habes:

67 2102 153 2177 onon
160 2103 237 2156 Poris
251 2100 352 2156 Oenone
358 2105 455 2169 poterit
463 2105 567 2168 spirare
576 2104 677 2160 relicta,

100 2181 136 2231 ad
149 2182 244 2247 fontem
256 2177 358 2229 Xanthi
365 2193 442 2230 verra
451 2184 569 2229 recurret
578 2194 659 2243 aquo.
837 2184 861 2226 30

66 2251 181 2316 Xanthe‚
202 2257 270 2305 retro
288 2266 409 2320 propera,
429 2267 574 2335 versaeque
592 2248 718 2378 relourrite
738 2247 807 2320 lym-

595 2341 613 2394 p
634 2341 677 2378 ae:

102 2400 216 2456 sustinet
224 2398 351 2455 Oenonen
361 2398 509 2454 deseruisse
519 2399 603 2453 Paris.

66 2475 113 2531 illa
122 2475 180 2530 dies
189 2473 274 2530 fatum
284 2473 396 2529 miserae
406 2474 473 2528 mihi
484 2471 575 2527 duxit:
587 2473 620 2527 ab
631 2472 675 2525 ilia

102 2551 217 2622 pessima
227 2550 321 2605 mutati
330 2550 415 2621 eoepit
424 2549 521 2603 amoris
531 2549 631 2602 hiems:

65 2641 117 2680 sua
128 2626 218 2681 Venus
228 2632 254 2680 et
263 2627 338 2692 Iuno,
350 2625 501 2697 sumtisque
510 2623 641 2678 decentior
651 2623 733 2678 armis
837 2632 862 2675 35
