1868 2962
128 148 160 203 56
275 120 278 124 λ
324 150 683 200 P.0V1D11NAsouls

165 259 280 319 venerat,
288 252 408 309 'audaces
421 251 596 324 attuleratque
606 251 687 317 vires,

128 348 176 384 cur
186 329 253 383 mihi
263 328 326 400 plus
336 345 422 401 aeque
433 327 493 383 ssavi
503 326 626 399 placuere
635 325 735 399 capilli,

138 423 142 432 ·
166 412 192 458 et
200 402 287 469 decor,
298 410 324 458 at
334 402 441 477 linguae
450 404 533 474 gratia
544 402 602 456 ficta
613 401 691 456 tuae‘?

75 492 100 534 15
128 481 194 533 Isset
203 478 337 534 anhelatos
348 496 401 533 non
412 477 619 548 praemedicatus
627 477 657 531 in
667 477 743 551 ignes

167 553 308 609 immemor
316 552 470 617 Aesonides,
485 568 584 624 oraque
592 551 695 607 adunca
705 550 797 609 boum.
840 571 842 575 ·

129 628 237 684 Semina
245 628 358 693 iecisset,
373 626 481 682 tetidem
491 627 618 682 sensisset
627 633 652 681 et
661 627 761 694 hostes,

166 711 197 758 ut
205 703 308 758 caderet
319 701 394 757 cultu
405 697 490 756 culter
502 702 604 773 abipsa
612 719 671 757 sun.
854 697 857 703 ’

120 779 267 846 ¹Quantum
277 775 402 848 perfidiae
411 784 509 842 mcum,
521 776 653 841 sceieratc,
665 778 791 848 perisset!

75 866 101 911 20
165 855 257 908 Demta
267 851 352 908 ferent
360 852 439 924 capiti
449 869 532 924 quam
542 851 610 906 mala
621 851 705 907 multa
715 855 788 910 mcc!

129 927 221 985 Estali
242 944 277 983 ua
286 927 390 1001 ingrate
399 927 525 981 meritum
536 927 694 997 exprobrare
703 928 833 1002 voluptas.

167 945 315 1058 Hacimar:
336 1001 753 1077 baecdetegaudiasciaieram.
786 1015 789 1021 ’

131 1080 224 1134 iussus
233 1077 398 1149 inexpertam
408 1076 519 1133 Colchos
532 1076 666 1132 advertere
674 1080 799 1150 puppim.

168 1155 270 1209 intrasti
279 1152 379 1225 patriae
388 1169 469 1228 regna
477 1153 552 1209 beata
563 1170 644 1208 meae.

77 1241 102 1284 25
130 1230 184 1284 Hoc
194 1228 248 1283 illic
255 1228 346 1284 Medea
356 1227 406 1293 fui,
421 1245 489 1283 nova
500 1236 583 1299 nupta
593 1227 665 1299 quod
677 1228 722 1282 hic
731 1237 780 1284 est.

168 1303 255 1370 Quam
268 1301 450 1375 pateremini,
462 1310 516 1357 tam
527 1303 594 1357 mihi
604 1303 679 1358 dives
689 1310 753 1359 erat.
806 1338 809 1343 -

131 1379 180 1434 Hic
188 1379 315 1453 Ephyren
325 1378 465 1442 bimarem,
477 1376 584 1451 Scythia
595 1386 672 1446 tenus
683 1378 727 1433 ille
737 1380 830 1436 nivosa

168 1471 247 1510 omne
257 1461 335 1519 tenet,
347 1453 423 1508 Ponti
433 1470 488 1526 qua
497 1453 576 1526 plaga
587 1453 659 1508 laeva
670 1455 745 1509 iacet.

132 1529 239 1601 Excipit
248 1529 364 1601 hospitio
373 1529 485 1585 iuvenes
494 1529 573 1584 Aeeta
583 1528 716 1602 Pelasgos,

78 1616 103 1658 30
169 1613 194 1659 et
203 1605 324 1676 premitis
333 1605 418 1676 pictas
427 1621 536 1675 corpora
546 1604 625 1660 Graia
636 1613 715 1659 teres.

132 1680 207 1734 Tunc
216 1697 265 1753 ego
274 1687 299 1734 te
310 1679 380 1733 vidi:
401 1686 465 1756 tunc
475 1679 548 1750 caepi
558 1680 634 1743 scira,
646 1680 709 1752 quis
719 1697 801 1737 asses.

170 1754 216 1809 Illa
226 1754 382 1808 fuitmentis
393 1754 478 1824 prima
490 1755 567 1810 ruina
577 1772 660 1809 meac.
729 1804 732 1809 .

133 1831 166 1884 Ut
174 1829 240 1893 vidi,
252 1836 283 1884 ut
291 1828 372 1900 perii;
394 1846 442 1883 nec
452 1830 521 1885 nous
532 1831 641 1904 ignibus
654 1831 717 1895 arsi,

169 1904 242 1960 ardet
251 1913 281 1959 ut
291 1904 324 1959 ad
333 1921 445 1979 magnos
455 1907 533 1978 pinea
544 1905 617 1960 taeda
628 1905 700 1960 deos.

52 1995 53 2000 ’
79 1992 104 2034 35
131 1981 165 2034 Et
175 1979 307 2035 formosus
317 1997 384 2045 eras,
396 1989 421 2034 et
430 1999 473 2035 me
483 1998 542 2035 mea
552 1980 603 2035 fata
613 1981 764 2038 trahebant:

169 2055 331 2111 abstulerant
340 2055 410 2110 oculi
422 2055 522 2111 lumina
536 2065 623 2112 nostra
633 2057 682 2111 tui.

132 2131 241 2195 Perfida,
265 2132 386 2187 sensisti:
407 2132 470 2204 quis
489 2133 560 2186 enim
580 2132 647 2186 bene
665 2130 732 2187 celat
749 2149 824 2189 amc-

613 2205 687 2260 rem‘?
756 2224 762 2234 ·

170 2282 277 2337 Eminet
285 2282 383 2337 indicio
393 2282 494 2353 predita
506 2281 611 2336 flamma
622 2300 681 2337 suo.

132 2359 233 2412 Dicitur
244 2358 340 2412 interea
352 2358 399 2412 tibi
412 2358 463 2421 lex,
477 2366 507 2411 ut
517 2357 583 2411 dura
594 2356 709 2413 ferorum

80 2440 104 2487 tc
170 2433 276 2488 insolita
285 2450 416 2504 premeres
428 2450 533 2488 vomere
542 2433 607 2488 colla
619 2434 711 2488 boum.

135 2506 235 2583 [Marus
254 2516 328 2564 erant
345 2509 415 2563 tauri
437 2508 508 2579 plus,
532 2526 615 2580 quam
634 2524 682 2578 per
702 2527 811 2578 cornua,

612 2600 698 2638 saevi:

158 2675 279 2730 quorum
292 2659 423 2720 terribilis
435 2658 549 2735 spiritus
557 2659 632 2736 ignis
641 2657 722 2733 erati
778 2713 780 2718 .
