<?xml version="1.0" encoding="UTF-8"?>
<!DOCTYPE html PUBLIC "-//W3C//DTD XHTML 1.0 Transitional//EN"
    "http://www.w3.org/TR/xhtml1/DTD/xhtml1-transitional.dtd">
<html xmlns="http://www.w3.org/1999/xhtml" xml:lang="en" lang="en">
 <head>
  <title>
</title>
<meta http-equiv="Content-Type" content="text/html;charset=utf-8" />
  <meta name='ocr-system' content='tesseract 3.04.00' />
  <meta name='ocr-capabilities' content='ocr_page ocr_carea ocr_par ocr_line ocrx_word'/>
</head>
<body>
  <div class='ocr_page' id='page_1' title='image "./operaomnia01ovidgoog/operaomnia01ovidgoog_0129.png"; bbox 0 0 1868 2962; ppageno 0'>
   <div class='ocr_carea' id='block_1_1' title="bbox 128 137 768 193">
    <p class='ocr_par' dir='ltr' id='par_1_1' title="bbox 128 137 768 193">
     <span class='ocr_line' id='line_1_1' title="bbox 128 137 768 193; baseline -0.016 -4"><span class='ocrx_word' id='word_1_1' title='bbox 128 137 176 193; x_wconf 71' lang='lat' dir='ltr'><strong>l2l</strong></span> <span class='ocrx_word' id='word_1_2' title='bbox 316 143 344 188; x_wconf 88' lang='lat' dir='ltr'><strong>P.</strong></span> <span class='ocrx_word' id='word_1_3' title='bbox 365 139 489 187; x_wconf 85' lang='lat' dir='ltr'><strong>ovlnn</strong></span> <span class='ocrx_word' id='word_1_4' title='bbox 510 139 679 187; x_wconf 80' lang='lat' dir='ltr'>NASONIS</span> <span class='ocrx_word' id='word_1_5' title='bbox 719 141 721 146; x_wconf 81' lang='grc'><em>“</em></span> <span class='ocrx_word' id='word_1_6' title='bbox 764 166 768 179; x_wconf 83' lang='lat'>.</span> 
     </span>
    </p>
   </div>
   <div class='ocr_carea' id='block_1_2' title="bbox 72 241 753 409">
    <p class='ocr_par' dir='ltr' id='par_1_2' title="bbox 72 241 753 409">
     <span class='ocr_line' id='line_1_2' title="bbox 72 241 660 317; baseline -0.003 -19"><span class='ocrx_word' id='word_1_7' title='bbox 72 256 111 300; x_wconf 83' lang='grc'><strong>111</strong></span> <span class='ocrx_word' id='word_1_8' title='bbox 163 241 276 298; x_wconf 77' lang='lat' dir='ltr'><strong>Insidias</strong></span> <span class='ocrx_word' id='word_1_9' title='bbox 286 241 354 317; x_wconf 80' lang='lat' dir='ltr'><strong>legi,</strong></span> <span class='ocrx_word' id='word_1_10' title='bbox 375 259 471 317; x_wconf 76' lang='lat' dir='ltr'><strong>magne</strong></span> <span class='ocrx_word' id='word_1_11' title='bbox 480 244 569 314; x_wconf 78' lang='lat' dir='ltr'><strong>poeta,</strong></span> <span class='ocrx_word' id='word_1_12' title='bbox 590 248 660 297; x_wconf 87' lang='lat' dir='ltr'><strong>tuas.</strong></span> 
     </span>
     <span class='ocr_line' id='line_1_3' title="bbox 126 317 753 409; baseline -0.002 -35"><span class='ocrx_word' id='word_1_13' title='bbox 126 318 239 374; x_wconf 91' lang='lat' dir='ltr'><strong>Nomine</strong></span> <span class='ocrx_word' id='word_1_14' title='bbox 248 317 365 392; x_wconf 81' lang='lat' dir='ltr'><strong>coniugii</strong></span> <span class='ocrx_word' id='word_1_15' title='bbox 375 318 458 384; x_wconf 90' lang='lat' dir='ltr'><strong>dioto,</strong></span> <span class='ocrx_word' id='word_1_16' title='bbox 478 317 587 373; x_wconf 84' lang='lat' dir='ltr'><strong>confusa</strong></span> <span class='ocrx_word' id='word_1_17' title='bbox 597 317 699 390; x_wconf 90' lang='lat' dir='ltr'><strong>pudore</strong></span> <span class='ocrx_word' id='word_1_18' title='bbox 750 400 753 409; x_wconf 34' lang='grc' dir='ltr'>Ι</span> 
     </span>
    </p>
   </div>
   <div class='ocr_carea' id='block_1_3' title="bbox 18 392 832 2726">
    <p class='ocr_par' dir='ltr' id='par_1_3' title="bbox 18 392 832 2726">
     <span class='ocr_line' id='line_1_4' title="bbox 164 392 609 467; baseline 0.004 -21"><span class='ocrx_word' id='word_1_19' title='bbox 164 392 236 448; x_wconf 87' lang='lat' dir='ltr'><strong>sensi</strong></span> <span class='ocrx_word' id='word_1_20' title='bbox 246 410 289 448; x_wconf 88' lang='lat' dir='ltr'><strong>me</strong></span> <span class='ocrx_word' id='word_1_21' title='bbox 299 393 360 448; x_wconf 85' lang='lat' dir='ltr'><strong>totis</strong></span> <span class='ocrx_word' id='word_1_22' title='bbox 370 393 510 448; x_wconf 86' lang='lat' dir='ltr'><strong>erubuisse</strong></span> <span class='ocrx_word' id='word_1_23' title='bbox 518 393 609 467; x_wconf 87' lang='lat' dir='ltr'><strong>genis:</strong></span> 
     </span>
     <span class='ocr_line' id='line_1_5' title="bbox 128 467 821 544; baseline 0.001 -20"><span class='ocrx_word' id='word_1_24' title='bbox 128 467 285 540; x_wconf 87' lang='lat' dir='ltr'><strong>luminaque</strong></span> <span class='ocrx_word' id='word_1_25' title='bbox 294 468 323 523; x_wconf 93' lang='lat' dir='ltr'><strong>in</strong></span> <span class='ocrx_word' id='word_1_26' title='bbox 332 469 447 544; x_wconf 81' lang='lat' dir='ltr'><strong>gremio,</strong></span> <span class='ocrx_word' id='word_1_27' title='bbox 469 467 663 533; x_wconf 81' lang='lat' dir='ltr'><strong>velutidesixa,</strong></span> <span class='ocrx_word' id='word_1_28' title='bbox 685 470 821 537; x_wconf 72' lang='lat' dir='ltr'><strong>tenebam,</strong></span> 
     </span>
     <span class='ocr_line' id='line_1_6' title="bbox 165 541 784 616; baseline -0.003 -17"><span class='ocrx_word' id='word_1_29' title='bbox 165 542 267 599; x_wconf 91' lang='lat' dir='ltr'><strong>lumina</strong></span> <span class='ocrx_word' id='word_1_30' title='bbox 277 545 404 616; x_wconf 87' lang='lat' dir='ltr'>propositi</span> <span class='ocrx_word' id='word_1_31' title='bbox 416 543 482 597; x_wconf 88' lang='lat' dir='ltr'><strong>laota</strong></span> <span class='ocrx_word' id='word_1_32' title='bbox 496 543 617 598; x_wconf 84' lang='lat' dir='ltr'><strong>ministra</strong></span> <span class='ocrx_word' id='word_1_33' title='bbox 627 543 676 599; x_wconf 90' lang='lat' dir='ltr'><strong>tui.</strong></span> <span class='ocrx_word' id='word_1_34' title='bbox 780 541 784 547; x_wconf 82' lang='grc'><em>’</em></span> 
     </span>
     <span class='ocr_line' id='line_1_7' title="bbox 74 616 832 746; baseline 0.003 -75"><span class='ocrx_word' id='word_1_35' title='bbox 74 631 113 674; x_wconf 79' lang='grc'><strong>115</strong></span> <span class='ocrx_word' id='word_1_36' title='bbox 128 619 264 692; x_wconf 82' lang='lat' dir='ltr'>Improbe,</span> <span class='ocrx_word' id='word_1_37' title='bbox 284 618 351 692; x_wconf 91' lang='lat' dir='ltr'><strong>quid</strong></span> <span class='ocrx_word' id='word_1_38' title='bbox 364 616 483 693; x_wconf 83' lang='lat' dir='ltr'><strong>gaudes‘l</strong></span> <span class='ocrx_word' id='word_1_39' title='bbox 501 626 547 673; x_wconf 83' lang='lat' dir='ltr'><strong>arrt</strong></span> <span class='ocrx_word' id='word_1_40' title='bbox 560 635 629 690; x_wconf 90' lang='lat' dir='ltr'><strong>quae</strong></span> <span class='ocrx_word' id='word_1_41' title='bbox 644 619 692 746; x_wconf 45' lang='lat' dir='ltr'><strong>tpbi</strong></span> <span class='ocrx_word' id='word_1_42' title='bbox 702 619 786 693; x_wconf 81' lang='lat' dir='ltr'><strong>gloria</strong></span> <span class='ocrx_word' id='word_1_43' title='bbox 802 637 832 692; x_wconf 87' lang='lat' dir='ltr'><strong>pa</strong></span> 
     </span>
     <span class='ocr_line' id='line_1_8' title="bbox 606 701 646 748; baseline -0.025 0"><span class='ocrx_word' id='word_1_44' title='bbox 606 701 646 748; x_wconf 89' lang='lat' dir='ltr'><strong>est</strong></span> 
     </span>
     <span class='ocr_line' id='line_1_9' title="bbox 97 767 727 843; baseline -0.005 -18"><span class='ocrx_word' id='word_1_45' title='bbox 97 770 101 779; x_wconf 87' lang='lat'>&#39;</span> <span class='ocrx_word' id='word_1_46' title='bbox 165 770 266 843; x_wconf 87' lang='lat' dir='ltr'><strong>quidve</strong></span> <span class='ocrx_word' id='word_1_47' title='bbox 275 769 317 825; x_wconf 87' lang='lat' dir='ltr'><strong>vir</strong></span> <span class='ocrx_word' id='word_1_48' title='bbox 326 768 400 822; x_wconf 91' lang='lat' dir='ltr'><strong>elusa</strong></span> <span class='ocrx_word' id='word_1_49' title='bbox 410 767 515 842; x_wconf 79' lang='lat' dir='ltr'><strong>virgine</strong></span> <span class='ocrx_word' id='word_1_50' title='bbox 527 767 614 822; x_wconf 87' lang='lat' dir='ltr'><strong>laudis</strong></span> <span class='ocrx_word' id='word_1_51' title='bbox 624 768 727 824; x_wconf 77' lang='lat' dir='ltr'><strong>habes?</strong></span> 
     </span>
     <span class='ocr_line' id='line_1_10' title="bbox 128 843 743 974; baseline -0.005 -72"><span class='ocrx_word' id='word_1_52' title='bbox 128 848 188 902; x_wconf 89' lang='lat' dir='ltr'><strong>Non</strong></span> <span class='ocrx_word' id='word_1_53' title='bbox 198 862 247 974; x_wconf 54' lang='lat' dir='ltr'><strong>epo</strong></span> <span class='ocrx_word' id='word_1_54' title='bbox 257 844 424 900; x_wconf 72' lang='lat' dir='ltr'><strong>constiteram</strong></span> <span class='ocrx_word' id='word_1_55' title='bbox 438 852 525 897; x_wconf 86' lang='lat' dir='ltr'><strong>sumta</strong></span> <span class='ocrx_word' id='word_1_56' title='bbox 537 843 632 914; x_wconf 88' lang='lat' dir='ltr'><strong>peltata</strong></span> <span class='ocrx_word' id='word_1_57' title='bbox 642 845 743 913; x_wconf 87' lang='lat' dir='ltr'><strong>securi;</strong></span> 
     </span>
     <span class='ocr_line' id='line_1_11' title="bbox 166 918 630 993; baseline 0 -19"><span class='ocrx_word' id='word_1_58' title='bbox 166 937 219 993; x_wconf 91' lang='lat' dir='ltr'><strong>qua</strong></span> <span class='ocrx_word' id='word_1_59' title='bbox 233 920 255 973; x_wconf 88' lang='lat' dir='ltr'><strong>is</strong></span> <span class='ocrx_word' id='word_1_60' title='bbox 266 920 293 974; x_wconf 90' lang='lat' dir='ltr'><strong>in</strong></span> <span class='ocrx_word' id='word_1_61' title='bbox 304 918 381 973; x_wconf 90' lang='lat' dir='ltr'><strong>lliaoo</strong></span> <span class='ocrx_word' id='word_1_62' title='bbox 390 918 554 972; x_wconf 82' lang='lat' dir='ltr'><strong>Penthesilea</strong></span> <span class='ocrx_word' id='word_1_63' title='bbox 563 918 630 974; x_wconf 86' lang='lat' dir='ltr'><strong>solo.</strong></span> 
     </span>
     <span class='ocr_line' id='line_1_12' title="bbox 128 993 706 1061; baseline -0.007 -8"><span class='ocrx_word' id='word_1_64' title='bbox 128 995 226 1054; x_wconf 84' lang='lat' dir='ltr'><strong>Nullus</strong></span> <span class='ocrx_word' id='word_1_65' title='bbox 236 994 380 1049; x_wconf 71' lang='lat' dir='ltr'><strong>Amazonio</strong></span> <span class='ocrx_word' id='word_1_66' title='bbox 389 993 505 1048; x_wconf 89' lang='lat' dir='ltr'><strong>caelatus</strong></span> <span class='ocrx_word' id='word_1_67' title='bbox 515 993 618 1049; x_wconf 83' lang='lat' dir='ltr'><strong>balteus</strong></span> <span class='ocrx_word' id='word_1_68' title='bbox 631 1012 706 1061; x_wconf 87' lang='lat' dir='ltr'><strong>auro,</strong></span> 
     </span>
     <span class='ocr_line' id='line_1_13' title="bbox 76 1067 769 1142; baseline -0.001 -15"><span class='ocrx_word' id='word_1_69' title='bbox 76 1085 114 1128; x_wconf 82' lang='lat'><strong>120</strong></span> <span class='ocrx_word' id='word_1_70' title='bbox 166 1071 235 1126; x_wconf 90' lang='lat' dir='ltr'><strong>siout</strong></span> <span class='ocrx_word' id='word_1_71' title='bbox 245 1070 278 1125; x_wconf 88' lang='lat' dir='ltr'><strong>ab</strong></span> <span class='ocrx_word' id='word_1_72' title='bbox 290 1067 445 1142; x_wconf 83' lang='lat' dir='ltr'><strong>Hippolyte,</strong></span> <span class='ocrx_word' id='word_1_73' title='bbox 465 1069 561 1140; x_wconf 84' lang='lat' dir='ltr'><strong>praeda</strong></span> <span class='ocrx_word' id='word_1_74' title='bbox 572 1068 652 1124; x_wconf 89' lang='lat' dir='ltr'><strong>relata</strong></span> <span class='ocrx_word' id='word_1_75' title='bbox 662 1071 709 1124; x_wconf 91' lang='lat' dir='ltr'><strong>tibi</strong></span> <span class='ocrx_word' id='word_1_76' title='bbox 720 1080 769 1126; x_wconf 89' lang='lat' dir='ltr'><strong>est.</strong></span> 
     </span>
     <span class='ocr_line' id='line_1_14' title="bbox 132 1143 832 1217; baseline 0 -15"><span class='ocrx_word' id='word_1_77' title='bbox 132 1147 229 1210; x_wconf 79' lang='lat' dir='ltr'><strong>Verba,</strong></span> <span class='ocrx_word' id='word_1_78' title='bbox 250 1144 317 1217; x_wconf 91' lang='lat' dir='ltr'><strong>quid</strong></span> <span class='ocrx_word' id='word_1_79' title='bbox 327 1143 443 1210; x_wconf 84' lang='lat' dir='ltr'><strong>exultas,</strong></span> <span class='ocrx_word' id='word_1_80' title='bbox 466 1152 508 1199; x_wconf 88' lang='lat' dir='ltr'><strong>tua</strong></span> <span class='ocrx_word' id='word_1_81' title='bbox 522 1144 546 1198; x_wconf 88' lang='lat' dir='ltr'><strong>si</strong></span> <span class='ocrx_word' id='word_1_82' title='bbox 561 1145 628 1199; x_wconf 92' lang='lat' dir='ltr'><strong>mihi</strong></span> <span class='ocrx_word' id='word_1_83' title='bbox 642 1146 723 1201; x_wconf 87' lang='lat' dir='ltr'><strong>verba</strong></span> <span class='ocrx_word' id='word_1_84' title='bbox 736 1146 832 1202; x_wconf 89' lang='lat' dir='ltr'><strong>dederu</strong></span> 
     </span>
     <span class='ocr_line' id='line_1_15' title="bbox 167 1219 796 1292; baseline 0.002 -16"><span class='ocrx_word' id='word_1_85' title='bbox 167 1238 283 1292; x_wconf 84' lang='lat' dir='ltr'><strong>sumque</strong></span> <span class='ocrx_word' id='word_1_86' title='bbox 291 1236 387 1291; x_wconf 89' lang='lat' dir='ltr'><strong>parum</strong></span> <span class='ocrx_word' id='word_1_87' title='bbox 397 1219 515 1291; x_wconf 91' lang='lat' dir='ltr'><strong>prudens</strong></span> <span class='ocrx_word' id='word_1_88' title='bbox 524 1228 599 1292; x_wconf 84' lang='lat' dir='ltr'><strong>capta</strong></span> <span class='ocrx_word' id='word_1_89' title='bbox 609 1219 696 1292; x_wconf 89' lang='lat' dir='ltr'><strong>puella</strong></span> <span class='ocrx_word' id='word_1_90' title='bbox 707 1221 796 1277; x_wconf 84' lang='lat' dir='ltr'><strong>dolis‘l</strong></span> 
     </span>
     <span class='ocr_line' id='line_1_16' title="bbox 130 1294 797 1371; baseline -0.003 -19"><span class='ocrx_word' id='word_1_91' title='bbox 130 1296 269 1371; x_wconf 82' lang='lat' dir='ltr'>Cydippen</span> <span class='ocrx_word' id='word_1_92' title='bbox 280 1312 404 1367; x_wconf 84' lang='lat' dir='ltr'><strong>pomum,</strong></span> <span class='ocrx_word' id='word_1_93' title='bbox 424 1311 536 1366; x_wconf 91' lang='lat' dir='ltr'><strong>pomum</strong></span> <span class='ocrx_word' id='word_1_94' title='bbox 547 1294 708 1350; x_wconf 82' lang='lat' dir='ltr'><strong>Schoeneida</strong></span> <span class='ocrx_word' id='word_1_95' title='bbox 717 1298 797 1369; x_wconf 86' lang='lat' dir='ltr'><strong>cepit.</strong></span> 
     </span>
     <span class='ocr_line' id='line_1_17' title="bbox 167 1369 735 1442; baseline -0.002 -16"><span class='ocrx_word' id='word_1_96' title='bbox 167 1373 208 1426; x_wconf 90' lang='lat' dir='ltr'><strong>Tu</strong></span> <span class='ocrx_word' id='word_1_97' title='bbox 219 1387 291 1426; x_wconf 88' lang='lat' dir='ltr'><strong>nuno</strong></span> <span class='ocrx_word' id='word_1_98' title='bbox 300 1371 477 1442; x_wconf 85' lang='lat' dir='ltr'><strong>Hippomenes</strong></span> <span class='ocrx_word' id='word_1_99' title='bbox 488 1369 587 1425; x_wconf 84' lang='lat' dir='ltr'><strong>seilicet</strong></span> <span class='ocrx_word' id='word_1_100' title='bbox 596 1370 660 1425; x_wconf 87' lang='lat' dir='ltr'><strong>alter</strong></span> <span class='ocrx_word' id='word_1_101' title='bbox 672 1372 735 1426; x_wconf 90' lang='lat' dir='ltr'><strong>eris.</strong></span> 
     </span>
     <span class='ocr_line' id='line_1_18' title="bbox 77 1443 720 1517; baseline -0.003 -16"><span class='ocrx_word' id='word_1_102' title='bbox 77 1459 115 1502; x_wconf 73' lang='grc'><strong>111</strong></span> <span class='ocrx_word' id='word_1_103' title='bbox 132 1447 164 1502; x_wconf 80' lang='lat' dir='ltr'><strong>lt</strong></span> <span class='ocrx_word' id='word_1_104' title='bbox 176 1445 262 1502; x_wconf 83' lang='lat' dir='ltr'><strong>fuerat</strong></span> <span class='ocrx_word' id='word_1_105' title='bbox 271 1445 382 1508; x_wconf 81' lang='lat' dir='ltr'><strong>melius,</strong></span> <span class='ocrx_word' id='word_1_106' title='bbox 403 1443 426 1498; x_wconf 85' lang='lat' dir='ltr'><strong>si</strong></span> <span class='ocrx_word' id='word_1_107' title='bbox 437 1452 461 1499; x_wconf 89' lang='lat' dir='ltr'><strong>te</strong></span> <span class='ocrx_word' id='word_1_108' title='bbox 471 1462 538 1517; x_wconf 86' lang='lat' dir='ltr'><strong>puer</strong></span> <span class='ocrx_word' id='word_1_109' title='bbox 548 1445 598 1500; x_wconf 89' lang='lat' dir='ltr'><strong>iste</strong></span> <span class='ocrx_word' id='word_1_110' title='bbox 607 1446 720 1510; x_wconf 79' lang='lat' dir='ltr'><strong>tenebat,</strong></span> 
     </span>
     <span class='ocr_line' id='line_1_19' title="bbox 168 1520 738 1594; baseline 0 -17"><span class='ocrx_word' id='word_1_111' title='bbox 168 1539 249 1594; x_wconf 87' lang='lat' dir='ltr'><strong>quem</strong></span> <span class='ocrx_word' id='word_1_112' title='bbox 259 1530 288 1576; x_wconf 89' lang='lat' dir='ltr'><strong>tu</strong></span> <span class='ocrx_word' id='word_1_113' title='bbox 299 1521 464 1593; x_wconf 90' lang='lat' dir='ltr'><strong>nescioquas</strong></span> <span class='ocrx_word' id='word_1_114' title='bbox 474 1520 541 1576; x_wconf 87' lang='lat' dir='ltr'><strong>dicis</strong></span> <span class='ocrx_word' id='word_1_115' title='bbox 552 1520 650 1576; x_wconf 87' lang='lat' dir='ltr'><strong>habere</strong></span> <span class='ocrx_word' id='word_1_116' title='bbox 659 1520 738 1587; x_wconf 72' lang='lat' dir='ltr'><strong>faces,</strong></span> 
     </span>
     <span class='ocr_line' id='line_1_20' title="bbox 131 1596 821 1668; baseline 0.003 -15"><span class='ocrx_word' id='word_1_117' title='bbox 131 1616 203 1653; x_wconf 87' lang='lat' dir='ltr'><strong>more</strong></span> <span class='ocrx_word' id='word_1_118' title='bbox 214 1598 290 1653; x_wconf 86' lang='lat' dir='ltr'><strong>bonis</strong></span> <span class='ocrx_word' id='word_1_119' title='bbox 304 1597 382 1653; x_wconf 81' lang='lat' dir='ltr'><strong>solito</strong></span> <span class='ocrx_word' id='word_1_120' title='bbox 390 1614 465 1668; x_wconf 89' lang='lat' dir='ltr'><strong>spem</strong></span> <span class='ocrx_word' id='word_1_121' title='bbox 477 1614 529 1652; x_wconf 93' lang='lat' dir='ltr'><strong>nou</strong></span> <span class='ocrx_word' id='word_1_122' title='bbox 538 1613 708 1666; x_wconf 82' lang='lat' dir='ltr'><strong>eorrumpere</strong></span> <span class='ocrx_word' id='word_1_123' title='bbox 718 1596 821 1654; x_wconf 82' lang='lat' dir='ltr'><strong>fraude.</strong></span> 
     </span>
     <span class='ocr_line' id='line_1_21' title="bbox 168 1669 651 1743; baseline -0.008 -15"><span class='ocrx_word' id='word_1_124' title='bbox 168 1671 307 1728; x_wconf 81' lang='lat' dir='ltr'><strong>Exoranda</strong></span> <span class='ocrx_word' id='word_1_125' title='bbox 316 1672 379 1736; x_wconf 79' lang='lat' dir='ltr'><strong>tibi,</strong></span> <span class='ocrx_word' id='word_1_126' title='bbox 394 1689 454 1726; x_wconf 87' lang='lat' dir='ltr'><strong>non</strong></span> <span class='ocrx_word' id='word_1_127' title='bbox 464 1671 591 1743; x_wconf 86' lang='lat' dir='ltr'><strong>capienda</strong></span> <span class='ocrx_word' id='word_1_128' title='bbox 601 1669 651 1725; x_wconf 89' lang='lat' dir='ltr'><strong>lui.</strong></span> 
     </span>
     <span class='ocr_line' id='line_1_22' title="bbox 132 1746 832 1819; baseline 0 -15"><span class='ocrx_word' id='word_1_129' title='bbox 132 1749 200 1813; x_wconf 87' lang='lat' dir='ltr'><strong>Cur,</strong></span> <span class='ocrx_word' id='word_1_130' title='bbox 221 1765 264 1802; x_wconf 90' lang='lat' dir='ltr'><strong>me</strong></span> <span class='ocrx_word' id='word_1_131' title='bbox 273 1764 359 1818; x_wconf 88' lang='lat' dir='ltr'><strong>quum</strong></span> <span class='ocrx_word' id='word_1_132' title='bbox 370 1754 478 1818; x_wconf 82' lang='lat' dir='ltr'><strong>peteres,</strong></span> <span class='ocrx_word' id='word_1_133' title='bbox 493 1764 521 1800; x_wconf 90' lang='lat' dir='ltr'><strong>ea</strong></span> <span class='ocrx_word' id='word_1_134' title='bbox 533 1765 586 1801; x_wconf 89' lang='lat' dir='ltr'><strong>non</strong></span> <span class='ocrx_word' id='word_1_135' title='bbox 597 1746 743 1817; x_wconf 86' lang='lat' dir='ltr'><strong>profitenda</strong></span> <span class='ocrx_word' id='word_1_136' title='bbox 752 1749 832 1819; x_wconf 82' lang='lat' dir='ltr'><strong>putal</strong></span> 
     </span>
     <span class='ocr_line' id='line_1_23' title="bbox 78 1820 734 1895; baseline -0.006 -17"><span class='ocrx_word' id='word_1_137' title='bbox 78 1836 116 1878; x_wconf 79' lang='grc'><strong>131</strong></span> <span class='ocrx_word' id='word_1_138' title='bbox 168 1834 275 1895; x_wconf 83' lang='lat' dir='ltr'><strong>propter</strong></span> <span class='ocrx_word' id='word_1_139' title='bbox 287 1839 355 1893; x_wconf 89' lang='lat' dir='ltr'><strong>quae</strong></span> <span class='ocrx_word' id='word_1_140' title='bbox 366 1821 442 1876; x_wconf 86' lang='lat' dir='ltr'><strong>nobis</strong></span> <span class='ocrx_word' id='word_1_141' title='bbox 453 1822 509 1892; x_wconf 89' lang='lat' dir='ltr'><strong>ipse</strong></span> <span class='ocrx_word' id='word_1_142' title='bbox 518 1821 647 1894; x_wconf 87' lang='lat' dir='ltr'><strong>petendus</strong></span> <span class='ocrx_word' id='word_1_143' title='bbox 657 1820 734 1876; x_wconf 81' lang='lat' dir='ltr'><strong>eras‘?</strong></span> 
     </span>
     <span class='ocr_line' id='line_1_24' title="bbox 132 1895 828 1972; baseline -0.001 -18"><span class='ocrx_word' id='word_1_144' title='bbox 132 1899 230 1972; x_wconf 83' lang='lat' dir='ltr'><strong>Cogere</strong></span> <span class='ocrx_word' id='word_1_145' title='bbox 239 1914 287 1952; x_wconf 89' lang='lat' dir='ltr'><strong>our</strong></span> <span class='ocrx_word' id='word_1_146' title='bbox 300 1897 402 1968; x_wconf 82' lang='lat' dir='ltr'><strong>potius,</strong></span> <span class='ocrx_word' id='word_1_147' title='bbox 423 1914 504 1969; x_wconf 83' lang='lat' dir='ltr'><strong>quarn</strong></span> <span class='ocrx_word' id='word_1_148' title='bbox 517 1895 687 1968; x_wconf 76' lang='lat' dir='ltr'><strong>persuadere,</strong></span> <span class='ocrx_word' id='word_1_149' title='bbox 709 1896 828 1964; x_wconf 82' lang='lat' dir='ltr'><strong>volebas,</strong></span> 
     </span>
     <span class='ocr_line' id='line_1_25' title="bbox 168 1969 663 2045; baseline -0.008 -17"><span class='ocrx_word' id='word_1_150' title='bbox 168 1974 191 2028; x_wconf 93' lang='lat' dir='ltr'><strong>si</strong></span> <span class='ocrx_word' id='word_1_151' title='bbox 203 1986 318 2045; x_wconf 87' lang='lat' dir='ltr'><strong>poteram</strong></span> <span class='ocrx_word' id='word_1_152' title='bbox 329 1971 577 2026; x_wconf 84' lang='lat' dir='ltr'><strong>auditaeonditione</strong></span> <span class='ocrx_word' id='word_1_153' title='bbox 586 1969 663 2042; x_wconf 83' lang='lat' dir='ltr'><strong>capi‘?</strong></span> 
     </span>
     <span class='ocr_line' id='line_1_26' title="bbox 132 2045 790 2119; baseline -0.003 -16"><span class='ocrx_word' id='word_1_154' title='bbox 132 2048 203 2116; x_wconf 84' lang='lat' dir='ltr'><strong>Quid</strong></span> <span class='ocrx_word' id='word_1_155' title='bbox 213 2047 259 2102; x_wconf 90' lang='lat' dir='ltr'><strong>tibi</strong></span> <span class='ocrx_word' id='word_1_156' title='bbox 273 2065 345 2102; x_wconf 87' lang='lat' dir='ltr'><strong>nuno</strong></span> <span class='ocrx_word' id='word_1_157' title='bbox 356 2047 461 2119; x_wconf 89' lang='lat' dir='ltr'><strong>prodest</strong></span> <span class='ocrx_word' id='word_1_158' title='bbox 472 2047 576 2101; x_wconf 88' lang='lat' dir='ltr'><strong>iurandi</strong></span> <span class='ocrx_word' id='word_1_159' title='bbox 588 2045 700 2102; x_wconf 89' lang='lat' dir='ltr'><strong>lormula</strong></span> <span class='ocrx_word' id='word_1_160' title='bbox 712 2046 790 2108; x_wconf 85' lang='lat' dir='ltr'><strong>iuris.</strong></span> 
     </span>
     <span class='ocr_line' id='line_1_27' title="bbox 170 2121 740 2197; baseline -0.005 -19"><span class='ocrx_word' id='word_1_161' title='bbox 170 2123 315 2197; x_wconf 79' lang='lat' dir='ltr'><strong>linguaque</strong></span> <span class='ocrx_word' id='word_1_162' title='bbox 325 2131 488 2194; x_wconf 88' lang='lat' dir='ltr'><strong>praesentem</strong></span> <span class='ocrx_word' id='word_1_163' title='bbox 499 2122 634 2176; x_wconf 87' lang='lat' dir='ltr'><strong>testificata</strong></span> <span class='ocrx_word' id='word_1_164' title='bbox 643 2121 740 2176; x_wconf 87' lang='lat' dir='ltr'><strong>deam‘l</strong></span> 
     </span>
     <span class='ocr_line' id='line_1_28' title="bbox 78 2196 794 2267; baseline -0.001 -13"><span class='ocrx_word' id='word_1_165' title='bbox 78 2211 117 2253; x_wconf 79' lang='grc'><strong>135</strong></span> <span class='ocrx_word' id='word_1_166' title='bbox 132 2199 205 2267; x_wconf 88' lang='lat' dir='ltr'><strong>Quae</strong></span> <span class='ocrx_word' id='word_1_167' title='bbox 214 2199 297 2262; x_wconf 85' lang='lat' dir='ltr'><strong>iurat,</strong></span> <span class='ocrx_word' id='word_1_168' title='bbox 319 2216 395 2252; x_wconf 90' lang='lat' dir='ltr'><strong>mens</strong></span> <span class='ocrx_word' id='word_1_169' title='bbox 404 2206 456 2252; x_wconf 86' lang='lat' dir='ltr'><strong>est:</strong></span> <span class='ocrx_word' id='word_1_170' title='bbox 478 2196 516 2252; x_wconf 92' lang='lat' dir='ltr'><strong>nil</strong></span> <span class='ocrx_word' id='word_1_171' title='bbox 526 2197 727 2252; x_wconf 85' lang='lat' dir='ltr'><strong>coniuravimus</strong></span> <span class='ocrx_word' id='word_1_172' title='bbox 737 2197 794 2253; x_wconf 84' lang='lat' dir='ltr'><strong>illa.</strong></span> 
     </span>
     <span class='ocr_line' id='line_1_29' title="bbox 171 2272 669 2344; baseline -0.002 -16"><span class='ocrx_word' id='word_1_173' title='bbox 171 2273 217 2329; x_wconf 91' lang='lat' dir='ltr'><strong>Illa</strong></span> <span class='ocrx_word' id='word_1_174' title='bbox 229 2273 308 2328; x_wconf 87' lang='lat' dir='ltr'><strong>fidem</strong></span> <span class='ocrx_word' id='word_1_175' title='bbox 318 2272 395 2328; x_wconf 87' lang='lat' dir='ltr'><strong>dictis</strong></span> <span class='ocrx_word' id='word_1_176' title='bbox 405 2272 500 2327; x_wconf 88' lang='lat' dir='ltr'><strong>addere</strong></span> <span class='ocrx_word' id='word_1_177' title='bbox 510 2273 565 2327; x_wconf 91' lang='lat' dir='ltr'><strong>sola</strong></span> <span class='ocrx_word' id='word_1_178' title='bbox 575 2279 669 2344; x_wconf 87' lang='lat' dir='ltr'><strong>potest.</strong></span> 
     </span>
     <span class='ocr_line' id='line_1_30' title="bbox 132 2347 784 2420; baseline -0.006 -14"><span class='ocrx_word' id='word_1_179' title='bbox 132 2349 281 2406; x_wconf 86' lang='lat' dir='ltr'><strong>Consilium</strong></span> <span class='ocrx_word' id='word_1_180' title='bbox 292 2348 463 2420; x_wconf 87' lang='lat' dir='ltr'><strong>prudensque</strong></span> <span class='ocrx_word' id='word_1_181' title='bbox 472 2347 555 2402; x_wconf 90' lang='lat' dir='ltr'><strong>animi</strong></span> <span class='ocrx_word' id='word_1_182' title='bbox 566 2347 694 2402; x_wconf 86' lang='lat' dir='ltr'><strong>sententia</strong></span> <span class='ocrx_word' id='word_1_183' title='bbox 704 2348 784 2414; x_wconf 84' lang='lat' dir='ltr'><strong>iurat,</strong></span> 
     </span>
     <span class='ocr_line' id='line_1_31' title="bbox 171 2421 722 2490; baseline -0.004 -11"><span class='ocrx_word' id='word_1_184' title='bbox 171 2433 209 2490; x_wconf 89' lang='lat' dir='ltr'><strong>et,</strong></span> <span class='ocrx_word' id='word_1_185' title='bbox 231 2424 283 2478; x_wconf 90' lang='lat' dir='ltr'><strong>nisi</strong></span> <span class='ocrx_word' id='word_1_186' title='bbox 295 2424 400 2489; x_wconf 84' lang='lat' dir='ltr'><strong>iudicii,</strong></span> <span class='ocrx_word' id='word_1_187' title='bbox 422 2421 530 2478; x_wconf 85' lang='lat' dir='ltr'><strong>vincula</strong></span> <span class='ocrx_word' id='word_1_188' title='bbox 540 2422 613 2477; x_wconf 92' lang='lat' dir='ltr'><strong>nulla</strong></span> <span class='ocrx_word' id='word_1_189' title='bbox 624 2421 722 2477; x_wconf 89' lang='lat' dir='ltr'><strong>valent.</strong></span> 
     </span>
     <span class='ocr_line' id='line_1_32' title="bbox 18 2497 784 2574; baseline -0.003 -19"><span class='ocrx_word' id='word_1_190' title='bbox 18 2559 20 2563; x_wconf 52' lang='grc'>,</span> <span class='ocrx_word' id='word_1_191' title='bbox 133 2499 160 2555; x_wconf 92' lang='lat' dir='ltr'><strong>Si</strong></span> <span class='ocrx_word' id='word_1_192' title='bbox 171 2500 219 2555; x_wconf 90' lang='lat' dir='ltr'><strong>tibi</strong></span> <span class='ocrx_word' id='word_1_193' title='bbox 230 2500 386 2574; x_wconf 83' lang='lat' dir='ltr'><strong>ooniugium</strong></span> <span class='ocrx_word' id='word_1_194' title='bbox 400 2497 472 2554; x_wconf 93' lang='lat' dir='ltr'><strong>volui</strong></span> <span class='ocrx_word' id='word_1_195' title='bbox 483 2499 635 2570; x_wconf 89' lang='lat' dir='ltr'><strong>promittere</strong></span> <span class='ocrx_word' id='word_1_196' title='bbox 647 2505 768 2553; x_wconf 89' lang='lat' dir='ltr'><strong>nostrum</strong></span> <span class='ocrx_word' id='word_1_197' title='bbox 778 2520 784 2567; x_wconf 83' lang='lat'>;</span> 
     </span>
     <span class='ocr_line' id='line_1_33' title="bbox 80 2572 601 2649; baseline -0.002 -21"><span class='ocrx_word' id='word_1_198' title='bbox 80 2582 118 2629; x_wconf 79' lang='lat' dir='ltr'><strong>tto</strong></span> <span class='ocrx_word' id='word_1_199' title='bbox 170 2575 246 2649; x_wconf 78' lang='lat' dir='ltr'><strong>exige</strong></span> <span class='ocrx_word' id='word_1_200' title='bbox 255 2575 363 2647; x_wconf 88' lang='lat' dir='ltr'><strong>polliciti</strong></span> <span class='ocrx_word' id='word_1_201' title='bbox 374 2573 461 2629; x_wconf 89' lang='lat' dir='ltr'><strong>debita</strong></span> <span class='ocrx_word' id='word_1_202' title='bbox 472 2572 530 2628; x_wconf 88' lang='lat' dir='ltr'><strong>iura</strong></span> <span class='ocrx_word' id='word_1_203' title='bbox 542 2574 601 2629; x_wconf 82' lang='lat' dir='ltr'><strong>tori.</strong></span> 
     </span>
     <span class='ocr_line' id='line_1_34' title="bbox 124 2649 806 2726; baseline -0.015 -17"><span class='ocrx_word' id='word_1_204' title='bbox 124 2650 179 2708; x_wconf 86' lang='lat' dir='ltr'><strong>Sed</strong></span> <span class='ocrx_word' id='word_1_205' title='bbox 187 2651 213 2708; x_wconf 86' lang='lat' dir='ltr'><strong>si</strong></span> <span class='ocrx_word' id='word_1_206' title='bbox 224 2651 263 2709; x_wconf 92' lang='lat' dir='ltr'><strong>nil</strong></span> <span class='ocrx_word' id='word_1_207' title='bbox 274 2651 402 2709; x_wconf 88' lang='lat' dir='ltr'><strong>dedimus</strong></span> <span class='ocrx_word' id='word_1_208' title='bbox 411 2655 514 2726; x_wconf 82' lang='lat' dir='ltr'><strong>praeter</strong></span> <span class='ocrx_word' id='word_1_209' title='bbox 524 2649 806 2719; x_wconf 60' lang='lat' dir='ltr'><strong>s&#39;mepootoreuoreux„</strong></span> 
     </span>
    </p>
   </div>
   <div class='ocr_carea' id='block_1_4' title="bbox 29 2776 555 2926">
    <p class='ocr_par' dir='ltr' id='par_1_4' title="bbox 29 2776 555 2926">
     <span class='ocr_line' id='line_1_35' title="bbox 29 2776 555 2926; baseline -0.006 0"><span class='ocrx_word' id='word_1_210' title='bbox 29 2900 156 2926; x_wconf 41' lang='lat'><strong>2...</strong></span> <span class='ocrx_word' id='word_1_211' title='bbox 487 2776 555 2926; x_wconf 98' lang='grc' dir='ltr'>Χ</span> 
     </span>
    </p>
   </div>
   <div class='ocr_carea' id='block_1_5' title="bbox 0 0 951 2962">
    <p class='ocr_par' dir='ltr' id='par_1_5' title="bbox 0 0 951 2962">
     <span class='ocr_line' id='line_1_36' title="bbox 0 0 951 2962; baseline 0 0"><span class='ocrx_word' id='word_1_212' title='bbox 0 0 951 2962; x_wconf 95' lang='lat' dir='ltr'><strong> </strong></span> 
     </span>
    </p>
   </div>
  </div>
 </body>
</html>
