1868 2962
164 121 196 173 20
361 125 389 170 P.
411 124 537 172 OVIDII
555 126 721 173 NASONIS

110 239 148 282 155
163 224 304 297 Depuduit,
318 225 502 300 profugusque
510 225 597 298 pudor
606 243 655 281 sua
665 227 743 355 signa
754 225 873 302 reliquit.

200 302 236 355 De
246 300 352 355 veniam
363 299 457 367 lassae,
471 302 592 373 duraque
601 300 678 357 corda
707 319 778 356 ome.

163 376 221 444 Quo
231 375 312 436 mihi.
323 376 396 449 quod
405 377 521 450 genitor,
533 377 580 449 qui
592 376 848 505 possideguequcra,
862 379 894 434 lli

648 469 695 507 nos

200 523 272 597 quod
282 526 390 581 veniant
399 525 489 598 proavi
502 524 614 580 fulmina
624 533 689 581 torta
700 525 802 582 munu‘l

162 600 235 672 quod
245 601 279 655 sit
289 619 366 667 avus,
381 600 462 656 radiis
472 598 586 656 frontem
596 600 710 656 vallatus
720 604 816 669 acutis,

109 688 147 730 mo
199 693 334 748 purpureo
344 675 462 748 tepidum
472 676 777 748 quimovetexediem‘?

162 751 291 807 Nobilitas
302 752 353 806 suh
365 754 461 806 Amore
470 752 545 807 iacet.
566 752 690 807 Miserere
698 752 830 823 priorum,

199 834 233 892 et,
245 827 311 882 mihi
323 825 345 880 si
360 844 412 881 nou
424 825 465 880 vis
474 844 589 898 parcere,
600 844 678 899 parce
690 827 767 883 meis.

161 903 209 956 Est
218 902 285 956 mihi
296 900 390 956 dotalis
403 900 489 964 tellus,
501 903 570 957 lovis
582 901 679 967 insula,
691 902 781 959 Crete:

199 977 296 1031 serviat
306 976 450 1050 Hippolyte
460 978 529 1050 regia
541 984 592 1033 tote
605 995 674 1032 meo.

110 1064 146 1107 ms
162 1053 248 1107 Flecte
258 1049 326 1107 leros
335 1052 453 1120 animos,
475 1053 560 1124 poluit
568 1068 737 1124 corrumpere
746 1060 854 1108 taurum

198 1135 295 1182 mater:
316 1128 369 1182 eris
379 1136 454 1182 tauro
464 1127 567 1183 saevior
576 1127 634 1200 ipse
643 1125 732 1182 truci?

161 1204 210 1258 Per
217 1203 347 1261 Venerem
359 1219 452 1274 parcas
461 1219 520 1267 oro,
532 1218 601 1273 quae
611 1201 727 1274 plurima
738 1218 845 1257 mecum
856 1210 895 1256 est

198 1277 237 1333 sic
247 1295 397 1350 nunquam,
409 1293 479 1349 quae
488 1285 513 1330 te
523 1293 647 1348 spernere
657 1277 751 1351 possit,
763 1294 847 1332 ames.

161 1354 205 1409 Sic
213 1352 262 1407 tibi
272 1352 379 1408 secretis
390 1352 468 1426 agilis
478 1351 526 1407 dea
536 1350 648 1407 saltibus
658 1352 736 1418 adsit,

109 1441 145 1485 170
198 1427 320 1501 silvaque
329 1427 476 1500 perdendas
486 1427 609 1499 praebeat
618 1426 670 1483 alta
680 1426 758 1482 ferus.

160 1505 204 1559 Sic
213 1503 318 1559 faveant
330 1503 428 1578 Satyri,
440 1512 620 1575 montanaque
631 1503 742 1558 numina
752 1504 852 1558 Panes:

197 1587 223 1634 et
232 1578 308 1634 cedat
317 1579 427 1633 adversa
436 1579 546 1649 cuspide
557 1577 645 1633 fossus
655 1594 727 1649 aper.

160 1655 204 1708 Sic
216 1653 265 1708 tibi
275 1653 339 1708 dent
350 1653 499 1726 Nymphae,
513 1653 639 1724 quamvis
652 1653 740 1708 odisse
749 1652 854 1724 puellas

197 1728 303 1792 diceris,
314 1734 430 1782 urentem
443 1744 512 1798 quae
523 1726 590 1783 levet
598 1728 672 1782 unda
680 1728 763 1782 sitim.

106 1817 144 1859 175
160 1803 292 1858 Addimus
314 1802 357 1857 his
383 1805 508 1876 precibus
524 1804 647 1860 lacrimas
665 1820 783 1875 quoque.
823 1804 894 1861 Vcrb

553 1919 555 1922 -
638 1878 769 1949 precantis

196 1951 320 2026 perlegis,
332 1958 357 2006 et
367 1951 489 2007 lacrimas
500 1951 572 2027 finge
580 1952 670 2009 videre
679 1971 762 2009 meas.

362 2220 620 2280 EPISTOLA
663 2222 705 2279 V.

284 2359 510 2402 cruores
558 2359 780 2403 vererer.

162 2475 299 2555 Perlegis‘?
311 2482 667 2554 anconiuxprchibetncva‘l
676 2482 797 2557 Perlege,
809 2501 894 2540 nones

194 2558 246 2643 ista
255 2558 398 2688 Mgrcenaec
409 2557 483 2614 litera
496 2560 593 2648 scripta
605 2574 700 2647 merru.
742 2633 748 2645 ι
781 2633 787 2645 .

140 2631 258 2703 l’egams
293 2650 391 2705 errore,
405 2632 821 2715 Phrygirsceleberrrmasdme,
