<?xml version="1.0" encoding="UTF-8"?>
<!DOCTYPE html PUBLIC "-//W3C//DTD XHTML 1.0 Transitional//EN"
    "http://www.w3.org/TR/xhtml1/DTD/xhtml1-transitional.dtd">
<html xmlns="http://www.w3.org/1999/xhtml" xml:lang="en" lang="en">
 <head>
  <title>
</title>
<meta http-equiv="Content-Type" content="text/html;charset=utf-8" />
  <meta name='ocr-system' content='tesseract 3.04.00' />
  <meta name='ocr-capabilities' content='ocr_page ocr_carea ocr_par ocr_line ocrx_word'/>
</head>
<body>
  <div class='ocr_page' id='page_1' title='image "./operaomnia01ovidgoog/operaomnia01ovidgoog_0287.png"; bbox 0 0 1868 2962; ppageno 0'>
   <div class='ocr_carea' id='block_1_1' title="bbox 128 107 696 165">
    <p class='ocr_par' dir='ltr' id='par_1_1' title="bbox 128 107 696 165">
     <span class='ocr_line' id='line_1_1' title="bbox 128 107 696 165; baseline -0.007 -1"><span class='ocrx_word' id='word_1_1' title='bbox 128 107 180 165; x_wconf 75' lang='grc'>290</span> <span class='ocrx_word' id='word_1_2' title='bbox 327 110 356 163; x_wconf 80' lang='lat'>1².</span> <span class='ocrx_word' id='word_1_3' title='bbox 377 109 505 158; x_wconf 83' lang='lat' dir='ltr'>ovtntt</span> <span class='ocrx_word' id='word_1_4' title='bbox 522 109 696 160; x_wconf 72' lang='lat' dir='ltr'>Nesonte</span> 
     </span>
    </p>
   </div>
   <div class='ocr_carea' id='block_1_2' title="bbox 45 208 835 2624">
    <p class='ocr_par' dir='ltr' id='par_1_2' title="bbox 45 208 835 2624">
     <span class='ocr_line' id='line_1_2' title="bbox 75 208 688 285; baseline -0.011 -14"><span class='ocrx_word' id='word_1_5' title='bbox 75 225 114 271; x_wconf 81' lang='lat' dir='ltr'>nu</span> <span class='ocrx_word' id='word_1_6' title='bbox 165 220 196 270; x_wconf 88' lang='lat' dir='ltr'>ut</span> <span class='ocrx_word' id='word_1_7' title='bbox 205 209 319 270; x_wconf 73' lang='lat' dir='ltr'>referent</span> <span class='ocrx_word' id='word_1_8' title='bbox 330 208 607 285; x_wconf 80' lang='lat' dir='ltr'>hoediouberrptenr</span> <span class='ocrx_word' id='word_1_9' title='bbox 617 208 688 271; x_wconf 85' lang='lat' dir='ltr'>suis.</span> 
     </span>
     <span class='ocr_line' id='line_1_3' title="bbox 129 287 804 362; baseline -0.006 -16"><span class='ocrx_word' id='word_1_10' title='bbox 129 289 221 346; x_wconf 85' lang='lat' dir='ltr'>Pnstor</span> <span class='ocrx_word' id='word_1_11' title='bbox 231 289 363 362; x_wconf 78' lang='lat' dir='ltr'><strong>inaequali</strong></span> <span class='ocrx_word' id='word_1_12' title='bbox 376 288 527 347; x_wconf 80' lang='lat' dir='ltr'>modulatur</span> <span class='ocrx_word' id='word_1_13' title='bbox 540 287 674 347; x_wconf 80' lang='lat' dir='ltr'>arundine</span> <span class='ocrx_word' id='word_1_14' title='bbox 682 305 804 361; x_wconf 49' lang='lat' dir='ltr'>curmonp</span> 
     </span>
     <span class='ocr_line' id='line_1_4' title="bbox 168 363 774 429; baseline 0.003 -9"><span class='ocrx_word' id='word_1_15' title='bbox 168 363 450 429; x_wconf 79' lang='lat' dir='ltr'>ueodesuntoomites.</span> <span class='ocrx_word' id='word_1_16' title='bbox 471 363 663 428; x_wconf 83' lang='lat' dir='ltr'>seduinturbe.</span> <span class='ocrx_word' id='word_1_17' title='bbox 684 381 774 422; x_wconf 80' lang='lat' dir='ltr'>coneo.</span> 
     </span>
     <span class='ocr_line' id='line_1_5' title="bbox 45 437 716 514; baseline -0.003 -17"><span class='ocrx_word' id='word_1_18' title='bbox 45 506 48 511; x_wconf 27' lang='lat'><em>¹</em></span> <span class='ocrx_word' id='word_1_19' title='bbox 129 437 716 514; x_wconf 79' lang='lat' dir='ltr'>Pertesonrntntiasiiveemugitibuseitee3</span> 
     </span>
     <span class='ocr_line' id='line_1_6' title="bbox 170 515 755 631; baseline 0.002 -61"><span class='ocrx_word' id='word_1_20' title='bbox 170 525 196 570; x_wconf 88' lang='lat' dir='ltr'>et</span> <span class='ocrx_word' id='word_1_21' title='bbox 202 517 326 631; x_wconf 67' lang='lat' dir='ltr'>‹pueritur</span> <span class='ocrx_word' id='word_1_22' title='bbox 336 515 450 573; x_wconf 83' lang='lat' dir='ltr'>uitulum</span> <span class='ocrx_word' id='word_1_23' title='bbox 462 525 544 573; x_wconf 80' lang='lat' dir='ltr'>mater</span> <span class='ocrx_word' id='word_1_24' title='bbox 554 516 647 575; x_wconf 77' lang='lat' dir='ltr'>obesse</span> <span class='ocrx_word' id='word_1_25' title='bbox 661 533 755 573; x_wconf 84' lang='lat' dir='ltr'>suum.</span> 
     </span>
     <span class='ocr_line' id='line_1_7' title="bbox 77 589 835 665; baseline 0.007 -20"><span class='ocrx_word' id='word_1_26' title='bbox 77 602 117 649; x_wconf 75' lang='lat' dir='ltr'>ret</span> <span class='ocrx_word' id='word_1_27' title='bbox 131 590 218 659; x_wconf 85' lang='lat' dir='ltr'><strong>Quid.</strong></span> <span class='ocrx_word' id='word_1_28' title='bbox 240 609 326 665; x_wconf 80' lang='lat' dir='ltr'>quum</span> <span class='ocrx_word' id='word_1_29' title='bbox 336 592 489 663; x_wconf 79' lang='lat' dir='ltr'>suppositos</span> <span class='ocrx_word' id='word_1_30' title='bbox 500 591 608 665; x_wconf 75' lang='lat' dir='ltr'>fugiunt</span> <span class='ocrx_word' id='word_1_31' title='bbox 617 591 744 653; x_wconf 76' lang='lat' dir='ltr'>examine</span> <span class='ocrx_word' id='word_1_32' title='bbox 753 589 835 650; x_wconf 75' lang='lat' dir='ltr'>tumor</span> 
     </span>
     <span class='ocr_line' id='line_1_8' title="bbox 169 665 709 723; baseline -0.004 -1"><span class='ocrx_word' id='word_1_33' title='bbox 169 677 201 723; x_wconf 90' lang='lat' dir='ltr'>ut</span> <span class='ocrx_word' id='word_1_34' title='bbox 210 667 327 723; x_wconf 74' lang='lat' dir='ltr'>relevent</span> <span class='ocrx_word' id='word_1_35' title='bbox 337 665 419 721; x_wconf 84' lang='lat' dir='ltr'>denrti</span> <span class='ocrx_word' id='word_1_36' title='bbox 429 666 624 721; x_wconf 85' lang='lat' dir='ltr'>vimina&#39;curve</span> <span class='ocrx_word' id='word_1_37' title='bbox 636 665 709 721; x_wconf 75' lang='lat' dir='ltr'>tevi?</span> 
     </span>
     <span class='ocr_line' id='line_1_9' title="bbox 133 739 835 801; baseline 0 -3"><span class='ocrx_word' id='word_1_38' title='bbox 133 742 213 798; x_wconf 87' lang='lat' dir='ltr'>Pome</span> <span class='ocrx_word' id='word_1_39' title='bbox 223 742 269 798; x_wconf 85' lang='lat' dir='ltr'>dut</span> <span class='ocrx_word' id='word_1_40' title='bbox 277 753 442 801; x_wconf 78' lang='lat' dir='ltr'>autumnus:</span> <span class='ocrx_word' id='word_1_41' title='bbox 460 739 574 797; x_wconf 76' lang='lat' dir='ltr'>formose</span> <span class='ocrx_word' id='word_1_42' title='bbox 585 749 625 796; x_wconf 84' lang='lat' dir='ltr'>est</span> <span class='ocrx_word' id='word_1_43' title='bbox 635 741 771 801; x_wconf 80' lang='lat' dir='ltr'>messibus</span> <span class='ocrx_word' id='word_1_44' title='bbox 780 751 835 800; x_wconf 70' lang='lat' dir='ltr'>nest</span> 
     </span>
     <span class='ocr_line' id='line_1_10' title="bbox 171 812 792 892; baseline 0.002 -19"><span class='ocrx_word' id='word_1_45' title='bbox 171 835 217 873; x_wconf 85' lang='lat' dir='ltr'>ver</span> <span class='ocrx_word' id='word_1_46' title='bbox 226 818 333 890; x_wconf 81' lang='lat' dir='ltr'>praebet</span> <span class='ocrx_word' id='word_1_47' title='bbox 346 815 436 873; x_wconf 83' lang='lat' dir='ltr'>flores:</span> <span class='ocrx_word' id='word_1_48' title='bbox 460 817 522 892; x_wconf 82' lang='lat' dir='ltr'>igno</span> <span class='ocrx_word' id='word_1_49' title='bbox 534 815 634 873; x_wconf 81' lang='lat' dir='ltr'>teretur</span> <span class='ocrx_word' id='word_1_50' title='bbox 645 816 744 874; x_wconf 87' lang='lat' dir='ltr'>hiems.</span> <span class='ocrx_word' id='word_1_51' title='bbox 787 812 792 818; x_wconf 74' lang='grc'>’</span> 
     </span>
     <span class='ocr_line' id='line_1_11' title="bbox 134 891 763 966; baseline 0.002 -17"><span class='ocrx_word' id='word_1_52' title='bbox 134 893 310 966; x_wconf 78' lang='lat' dir='ltr'>Temporibus</span> <span class='ocrx_word' id='word_1_53' title='bbox 319 892 397 949; x_wconf 86' lang='lat' dir='ltr'>oertis</span> <span class='ocrx_word' id='word_1_54' title='bbox 407 900 540 947; x_wconf 77' lang='lat' dir='ltr'>maturam</span> <span class='ocrx_word' id='word_1_55' title='bbox 551 891 668 947; x_wconf 84' lang='lat' dir='ltr'>rusticus</span> <span class='ocrx_word' id='word_1_56' title='bbox 679 909 763 951; x_wconf 82' lang='lat' dir='ltr'>uvam</span> 
     </span>
     <span class='ocr_line' id='line_1_12' title="bbox 80 965 796 1056; baseline 0.001 -33"><span class='ocrx_word' id='word_1_57' title='bbox 80 979 119 1024; x_wconf 76' lang='lat' dir='ltr'>rso</span> <span class='ocrx_word' id='word_1_58' title='bbox 171 967 286 1056; x_wconf 72' lang='lat' dir='ltr'>oniiipit:</span> <span class='ocrx_word' id='word_1_59' title='bbox 307 977 334 1024; x_wconf 91' lang='lat' dir='ltr'>et</span> <span class='ocrx_word' id='word_1_60' title='bbox 344 967 416 1025; x_wconf 88' lang='lat' dir='ltr'>nudo</span> <span class='ocrx_word' id='word_1_61' title='bbox 425 967 478 1023; x_wconf 80' lang='lat' dir='ltr'>sub</span> <span class='ocrx_word' id='word_1_62' title='bbox 487 966 554 1040; x_wconf 89' lang='lat' dir='ltr'>pede</span> <span class='ocrx_word' id='word_1_63' title='bbox 564 975 651 1022; x_wconf 80' lang='lat' dir='ltr'>musta</span> <span class='ocrx_word' id='word_1_64' title='bbox 662 965 765 1026; x_wconf 72' lang='lat' dir='ltr'>fluunt:</span> <span class='ocrx_word' id='word_1_65' title='bbox 791 970 796 981; x_wconf 88' lang='lat'>&#39;</span> 
     </span>
     <span class='ocr_line' id='line_1_13' title="bbox 135 1042 741 1117; baseline -0.002 -16"><span class='ocrx_word' id='word_1_66' title='bbox 135 1044 300 1117; x_wconf 72' lang='lat' dir='ltr'>temporebus</span> <span class='ocrx_word' id='word_1_67' title='bbox 309 1045 388 1102; x_wconf 83' lang='lat' dir='ltr'>certis</span> <span class='ocrx_word' id='word_1_68' title='bbox 396 1042 515 1100; x_wconf 83' lang='lat' dir='ltr'>desectus</span> <span class='ocrx_word' id='word_1_69' title='bbox 525 1042 616 1117; x_wconf 79' lang='lat' dir='ltr'>alliget</span> <span class='ocrx_word' id='word_1_70' title='bbox 629 1042 741 1112; x_wconf 84' lang='lat' dir='ltr'>herbus;</span> 
     </span>
     <span class='ocr_line' id='line_1_14' title="bbox 172 1118 718 1193; baseline -0.002 -17"><span class='ocrx_word' id='word_1_71' title='bbox 172 1129 198 1176; x_wconf 93' lang='lat' dir='ltr'>et</span> <span class='ocrx_word' id='word_1_72' title='bbox 207 1129 311 1176; x_wconf 79' lang='lat' dir='ltr'>tonsam</span> <span class='ocrx_word' id='word_1_73' title='bbox 323 1138 382 1178; x_wconf 82' lang='lat' dir='ltr'>roro</span> <span class='ocrx_word' id='word_1_74' title='bbox 390 1120 494 1193; x_wconf 81' lang='lat' dir='ltr'>pectine</span> <span class='ocrx_word' id='word_1_75' title='bbox 503 1118 718 1178; x_wconf 79' lang='lat' dir='ltr'>verritbumum.</span> 
     </span>
     <span class='ocr_line' id='line_1_15' title="bbox 135 1193 790 1271; baseline 0.002 -21"><span class='ocrx_word' id='word_1_76' title='bbox 135 1196 194 1268; x_wconf 86' lang='lat' dir='ltr'>lpse</span> <span class='ocrx_word' id='word_1_77' title='bbox 202 1204 276 1268; x_wconf 83' lang='lat' dir='ltr'>potes</span> <span class='ocrx_word' id='word_1_78' title='bbox 286 1195 371 1271; x_wconf 79' lang='lat' dir='ltr'>riguis</span> <span class='ocrx_word' id='word_1_79' title='bbox 381 1195 498 1268; x_wconf 78' lang='lat' dir='ltr'>plantam</span> <span class='ocrx_word' id='word_1_80' title='bbox 510 1193 640 1266; x_wconf 81' lang='lat' dir='ltr'>deponere</span> <span class='ocrx_word' id='word_1_81' title='bbox 651 1194 678 1249; x_wconf 91' lang='lat' dir='ltr'>in</span> <span class='ocrx_word' id='word_1_82' title='bbox 691 1194 790 1255; x_wconf 77' lang='lat' dir='ltr'>bortis:</span> 
     </span>
     <span class='ocr_line' id='line_1_16' title="bbox 173 1269 691 1342; baseline -0.002 -17"><span class='ocrx_word' id='word_1_83' title='bbox 173 1271 230 1342; x_wconf 85' lang='lat' dir='ltr'>ipse</span> <span class='ocrx_word' id='word_1_84' title='bbox 240 1279 314 1342; x_wconf 87' lang='lat' dir='ltr'>potes</span> <span class='ocrx_word' id='word_1_85' title='bbox 324 1271 397 1326; x_wconf 86' lang='lat' dir='ltr'>rivos</span> <span class='ocrx_word' id='word_1_86' title='bbox 406 1270 503 1327; x_wconf 85' lang='lat' dir='ltr'>ducere</span> <span class='ocrx_word' id='word_1_87' title='bbox 514 1269 581 1324; x_wconf 86' lang='lat' dir='ltr'>lenis</span> <span class='ocrx_word' id='word_1_88' title='bbox 596 1286 691 1342; x_wconf 82' lang='lat' dir='ltr'>aquae.</span> 
     </span>
     <span class='ocr_line' id='line_1_17' title="bbox 81 1343 769 1417; baseline 0.006 -18"><span class='ocrx_word' id='word_1_89' title='bbox 81 1357 119 1400; x_wconf 72' lang='lat'>195</span> <span class='ocrx_word' id='word_1_90' title='bbox 136 1345 242 1402; x_wconf 87' lang='lat' dir='ltr'>Venerit</span> <span class='ocrx_word' id='word_1_91' title='bbox 252 1345 357 1414; x_wconf 88' lang='lat' dir='ltr'>insitio;</span> <span class='ocrx_word' id='word_1_92' title='bbox 378 1344 419 1403; x_wconf 85' lang='lat' dir='ltr'>foe</span> <span class='ocrx_word' id='word_1_93' title='bbox 429 1362 535 1400; x_wconf 84' lang='lat' dir='ltr'>ramum</span> <span class='ocrx_word' id='word_1_94' title='bbox 545 1361 637 1401; x_wconf 82' lang='lat' dir='ltr'>remus</span> <span class='ocrx_word' id='word_1_95' title='bbox 647 1343 769 1417; x_wconf 79' lang='lat' dir='ltr'>adoptet:</span> 
     </span>
     <span class='ocr_line' id='line_1_18' title="bbox 167 1420 722 1498; baseline 0.002 -22"><span class='ocrx_word' id='word_1_96' title='bbox 167 1422 276 1496; x_wconf 81' lang='lat' dir='ltr'>·&#39;stetqno</span> <span class='ocrx_word' id='word_1_97' title='bbox 286 1421 433 1498; x_wconf 82' lang='lat' dir='ltr'>peregrinis</span> <span class='ocrx_word' id='word_1_98' title='bbox 442 1421 519 1477; x_wconf 82' lang='lat' dir='ltr'>orbor</span> <span class='ocrx_word' id='word_1_99' title='bbox 528 1429 617 1493; x_wconf 82' lang='lat' dir='ltr'>operta</span> <span class='ocrx_word' id='word_1_100' title='bbox 625 1420 722 1477; x_wconf 87' lang='lat' dir='ltr'>onmis.</span> 
     </span>
     <span class='ocr_line' id='line_1_19' title="bbox 136 1495 835 1572; baseline -0.003 -19"><span class='ocrx_word' id='word_1_101' title='bbox 136 1496 227 1565; x_wconf 87' lang='lat' dir='ltr'>Quum</span> <span class='ocrx_word' id='word_1_102' title='bbox 237 1498 319 1554; x_wconf 86' lang='lat' dir='ltr'>semel</span> <span class='ocrx_word' id='word_1_103' title='bbox 330 1497 520 1555; x_wconf 83' lang='lat' dir='ltr'>heecenimum</span> <span class='ocrx_word' id='word_1_104' title='bbox 530 1497 616 1568; x_wconf 84' lang='lat' dir='ltr'>eoepit</span> <span class='ocrx_word' id='word_1_105' title='bbox 625 1495 835 1572; x_wconf 78' lang='lat' dir='ltr'>mulcererolupt</span> 
     </span>
     <span class='ocr_line' id='line_1_20' title="bbox 173 1572 686 1646; baseline 0.002 -19"><span class='ocrx_word' id='word_1_106' title='bbox 173 1572 308 1629; x_wconf 83' lang='lat' dir='ltr'>debilibus</span> <span class='ocrx_word' id='word_1_107' title='bbox 318 1573 414 1646; x_wconf 89' lang='lat' dir='ltr'>peuuis</span> <span class='ocrx_word' id='word_1_108' title='bbox 424 1572 580 1641; x_wconf 29' lang='lat' dir='ltr'>irritusfexit</span> <span class='ocrx_word' id='word_1_109' title='bbox 593 1572 686 1630; x_wconf 76' lang='lat' dir='ltr'>Amor.</span> 
     </span>
     <span class='ocr_line' id='line_1_21' title="bbox 139 1647 779 1720; baseline 0.002 -17"><span class='ocrx_word' id='word_1_110' title='bbox 139 1647 183 1703; x_wconf 89' lang='lat' dir='ltr'>Vel</span> <span class='ocrx_word' id='word_1_111' title='bbox 194 1655 223 1701; x_wconf 91' lang='lat' dir='ltr'>tu</span> <span class='ocrx_word' id='word_1_112' title='bbox 233 1647 349 1707; x_wconf 80' lang='lat' dir='ltr'>uenandi</span> <span class='ocrx_word' id='word_1_113' title='bbox 359 1648 481 1703; x_wconf 87' lang='lat' dir='ltr'>studium</span> <span class='ocrx_word' id='word_1_114' title='bbox 491 1647 562 1709; x_wconf 83' lang='lat' dir='ltr'>eote:</span> <span class='ocrx_word' id='word_1_115' title='bbox 583 1648 779 1720; x_wconf 82' lang='lat' dir='ltr'>saeporeoessit</span> 
     </span>
     <span class='ocr_line' id='line_1_22' title="bbox 83 1721 709 1793; baseline 0.005 -17"><span class='ocrx_word' id='word_1_116' title='bbox 83 1734 121 1776; x_wconf 76' lang='lat' dir='ltr'>ron</span> <span class='ocrx_word' id='word_1_117' title='bbox 173 1721 285 1793; x_wconf 79' lang='lat' dir='ltr'>turpiter</span> <span class='ocrx_word' id='word_1_118' title='bbox 295 1739 309 1776; x_wconf 85' lang='lat' dir='ltr'>u</span> <span class='ocrx_word' id='word_1_119' title='bbox 321 1722 417 1778; x_wconf 89' lang='lat' dir='ltr'>Phoebi</span> <span class='ocrx_word' id='word_1_120' title='bbox 429 1724 496 1780; x_wconf 77' lang='lat' dir='ltr'>vieta</span> <span class='ocrx_word' id='word_1_121' title='bbox 508 1740 597 1779; x_wconf 85' lang='lat' dir='ltr'>sorore</span> <span class='ocrx_word' id='word_1_122' title='bbox 606 1723 709 1779; x_wconf 86' lang='lat' dir='ltr'>Venus.</span> 
     </span>
     <span class='ocr_line' id='line_1_23' title="bbox 138 1795 782 1874; baseline 0.006 -24"><span class='ocrx_word' id='word_1_123' title='bbox 138 1797 215 1852; x_wconf 86' lang='lat' dir='ltr'>Nune</span> <span class='ocrx_word' id='word_1_124' title='bbox 224 1795 340 1872; x_wconf 86' lang='lat' dir='ltr'>leporem</span> <span class='ocrx_word' id='word_1_125' title='bbox 350 1816 465 1873; x_wconf 88' lang='lat' dir='ltr'>pronum</span> <span class='ocrx_word' id='word_1_126' title='bbox 475 1798 564 1855; x_wconf 84' lang='lat' dir='ltr'>oatuio</span> <span class='ocrx_word' id='word_1_127' title='bbox 572 1807 672 1855; x_wconf 81' lang='lat' dir='ltr'>sectare</span> <span class='ocrx_word' id='word_1_128' title='bbox 680 1798 782 1874; x_wconf 79' lang='lat' dir='ltr'>segeni:</span> 
     </span>
     <span class='ocr_line' id='line_1_24' title="bbox 175 1872 686 1949; baseline 0.002 -22"><span class='ocrx_word' id='word_1_129' title='bbox 175 1889 248 1928; x_wconf 87' lang='lat' dir='ltr'>nuno</span> <span class='ocrx_word' id='word_1_130' title='bbox 258 1874 285 1930; x_wconf 92' lang='lat' dir='ltr'>in</span> <span class='ocrx_word' id='word_1_131' title='bbox 296 1874 428 1933; x_wconf 84' lang='lat' dir='ltr'>frondosis</span> <span class='ocrx_word' id='word_1_132' title='bbox 438 1875 500 1930; x_wconf 81' lang='lat' dir='ltr'>retia</span> <span class='ocrx_word' id='word_1_133' title='bbox 513 1875 589 1930; x_wconf 86' lang='lat' dir='ltr'>tende</span> <span class='ocrx_word' id='word_1_134' title='bbox 599 1872 686 1949; x_wconf 85' lang='lat' dir='ltr'>iugis:</span> 
     </span>
     <span class='ocr_line' id='line_1_25' title="bbox 138 1949 729 2020; baseline 0.015 -19"><span class='ocrx_word' id='word_1_135' title='bbox 138 1956 183 2002; x_wconf 80' lang='lat' dir='ltr'>ant</span> <span class='ocrx_word' id='word_1_136' title='bbox 192 1950 304 2020; x_wconf 79' lang='lat' dir='ltr'>pavidos</span> <span class='ocrx_word' id='word_1_137' title='bbox 318 1951 465 2009; x_wconf 76' lang='lat' dir='ltr'>temeraria</span> <span class='ocrx_word' id='word_1_138' title='bbox 475 1949 729 2010; x_wconf 78' lang='lat' dir='ltr'>formidineoer-rost</span> 
     </span>
     <span class='ocr_line' id='line_1_26' title="bbox 176 2025 717 2099; baseline 0 -20"><span class='ocrx_word' id='word_1_139' title='bbox 176 2032 222 2080; x_wconf 87' lang='lat' dir='ltr'>aut</span> <span class='ocrx_word' id='word_1_140' title='bbox 230 2025 306 2083; x_wconf 81' lang='lat' dir='ltr'>cedet</span> <span class='ocrx_word' id='word_1_141' title='bbox 315 2025 424 2085; x_wconf 81' lang='lat' dir='ltr'>adverse</span> <span class='ocrx_word' id='word_1_142' title='bbox 434 2025 717 2099; x_wconf 82' lang='lat' dir='ltr'>cuspidefossueeper.</span> 
     </span>
     <span class='ocr_line' id='line_1_27' title="bbox 83 2099 818 2176; baseline 0.005 -25"><span class='ocrx_word' id='word_1_143' title='bbox 83 2108 123 2152; x_wconf 80' lang='lat'>2⁰5</span> <span class='ocrx_word' id='word_1_144' title='bbox 138 2100 218 2156; x_wconf 77' lang='lat' dir='ltr'>Nocte</span> <span class='ocrx_word' id='word_1_145' title='bbox 228 2099 366 2176; x_wconf 79' lang='lat' dir='ltr'>fatigatum</span> <span class='ocrx_word' id='word_1_146' title='bbox 376 2117 503 2167; x_wconf 87' lang='lat' dir='ltr'>somnus,</span> <span class='ocrx_word' id='word_1_147' title='bbox 526 2119 654 2163; x_wconf 80' lang='lat' dir='ltr'>nonnum</span> <span class='ocrx_word' id='word_1_148' title='bbox 664 2099 778 2172; x_wconf 81' lang='lat' dir='ltr'>puellae,</span> <span class='ocrx_word' id='word_1_149' title='bbox 816 2151 818 2156; x_wconf 84' lang='lat'>.</span> 
     </span>
     <span class='ocr_line' id='line_1_28' title="bbox 176 2174 759 2250; baseline 0 -20"><span class='ocrx_word' id='word_1_150' title='bbox 176 2176 287 2249; x_wconf 82' lang='lat' dir='ltr'>excipit3</span> <span class='ocrx_word' id='word_1_151' title='bbox 306 2183 333 2230; x_wconf 89' lang='lat' dir='ltr'>et</span> <span class='ocrx_word' id='word_1_152' title='bbox 341 2174 437 2250; x_wconf 75' lang='lat' dir='ltr'>pingui</span> <span class='ocrx_word' id='word_1_153' title='bbox 447 2177 567 2233; x_wconf 84' lang='lat' dir='ltr'>membra</span> <span class='ocrx_word' id='word_1_154' title='bbox 580 2177 670 2249; x_wconf 82' lang='lat' dir='ltr'>quiete</span> <span class='ocrx_word' id='word_1_155' title='bbox 680 2175 759 2232; x_wconf 72' lang='lat' dir='ltr'>levet.</span> 
     </span>
     <span class='ocr_line' id='line_1_29' title="bbox 140 2249 833 2324; baseline 0.003 -20"><span class='ocrx_word' id='word_1_156' title='bbox 140 2249 239 2306; x_wconf 87' lang='lat' dir='ltr'>Lenius</span> <span class='ocrx_word' id='word_1_157' title='bbox 248 2258 288 2308; x_wconf 90' lang='lat' dir='ltr'>est</span> <span class='ocrx_word' id='word_1_158' title='bbox 297 2249 427 2316; x_wconf 85' lang='lat' dir='ltr'>studium,</span> <span class='ocrx_word' id='word_1_159' title='bbox 450 2252 557 2322; x_wconf 86' lang='lat' dir='ltr'>prodest</span> <span class='ocrx_word' id='word_1_160' title='bbox 566 2259 666 2318; x_wconf 77' lang='lat' dir='ltr'>temen.</span> <span class='ocrx_word' id='word_1_161' title='bbox 691 2251 833 2324; x_wconf 69' lang='lat' dir='ltr'>attempta</span> 
     </span>
     <span class='ocr_line' id='line_1_30' title="bbox 176 2324 804 2400; baseline 0.003 -20"><span class='ocrx_word' id='word_1_162' title='bbox 176 2332 223 2382; x_wconf 82' lang='lat' dir='ltr'>eut</span> <span class='ocrx_word' id='word_1_163' title='bbox 235 2326 300 2394; x_wconf 83' lang='lat' dir='ltr'>lino,</span> <span class='ocrx_word' id='word_1_164' title='bbox 319 2331 365 2382; x_wconf 83' lang='lat' dir='ltr'>ent</span> <span class='ocrx_word' id='word_1_165' title='bbox 374 2324 483 2393; x_wconf 60' lang='lat' dir='ltr'>calamis</span> <span class='ocrx_word' id='word_1_166' title='bbox 492 2328 609 2398; x_wconf 78' lang='lat' dir='ltr'>proemia</span> <span class='ocrx_word' id='word_1_167' title='bbox 619 2344 703 2400; x_wconf 75' lang='lat' dir='ltr'>parve</span> <span class='ocrx_word' id='word_1_168' title='bbox 712 2328 804 2400; x_wconf 86' lang='lat' dir='ltr'>sequi:</span> 
     </span>
     <span class='ocr_line' id='line_1_31' title="bbox 138 2399 798 2476; baseline 0.006 -20"><span class='ocrx_word' id='word_1_169' title='bbox 138 2399 192 2468; x_wconf 82' lang='lat' dir='ltr'>vel,</span> <span class='ocrx_word' id='word_1_170' title='bbox 213 2419 282 2474; x_wconf 77' lang='lat' dir='ltr'>qnae</span> <span class='ocrx_word' id='word_1_171' title='bbox 290 2401 372 2476; x_wconf 81' lang='lat' dir='ltr'>piscis</span> <span class='ocrx_word' id='word_1_172' title='bbox 384 2400 451 2457; x_wconf 73' lang='lat' dir='ltr'>edax</span> <span class='ocrx_word' id='word_1_173' title='bbox 461 2403 539 2459; x_wconf 84' lang='lat' dir='ltr'>avido</span> <span class='ocrx_word' id='word_1_174' title='bbox 548 2402 618 2459; x_wconf 81' lang='lat' dir='ltr'>mele</span> <span class='ocrx_word' id='word_1_175' title='bbox 626 2403 734 2460; x_wconf 88' lang='lat' dir='ltr'>devoret</span> <span class='ocrx_word' id='word_1_176' title='bbox 744 2420 798 2468; x_wconf 83' lang='lat' dir='ltr'>ore.</span> 
     </span>
     <span class='ocr_line' id='line_1_32' title="bbox 87 2476 692 2552; baseline 0.002 -19"><span class='ocrx_word' id='word_1_177' title='bbox 87 2485 126 2534; x_wconf 83' lang='lat' dir='ltr'>no</span> <span class='ocrx_word' id='word_1_178' title='bbox 170 2477 274 2534; x_wconf 79' lang='lat' dir='ltr'>obdere</span> <span class='ocrx_word' id='word_1_179' title='bbox 282 2476 415 2552; x_wconf 86' lang='lat' dir='ltr'>supremis</span> <span class='ocrx_word' id='word_1_180' title='bbox 426 2493 484 2533; x_wconf 82' lang='lat' dir='ltr'>aera</span> <span class='ocrx_word' id='word_1_181' title='bbox 495 2496 604 2534; x_wconf 84' lang='lat' dir='ltr'>recurva</span> <span class='ocrx_word' id='word_1_182' title='bbox 614 2479 692 2534; x_wconf 83' lang='lat' dir='ltr'>cibis.</span> 
     </span>
     <span class='ocr_line' id='line_1_33' title="bbox 136 2551 786 2624; baseline -0.014 -9"><span class='ocrx_word' id='word_1_183' title='bbox 136 2551 254 2624; x_wconf 77' lang='lat' dir='ltr'>Anthis,</span> <span class='ocrx_word' id='word_1_184' title='bbox 279 2552 407 2624; x_wconf 61' lang='lat' dir='ltr'>ntttuliis8</span> <span class='ocrx_word' id='word_1_185' title='bbox 426 2552 511 2611; x_wconf 79' lang='lat' dir='ltr'>donee</span> <span class='ocrx_word' id='word_1_186' title='bbox 519 2553 748 2617; x_wconf 59' lang='lat' dir='ltr'>dediseisumexo„</span> <span class='ocrx_word' id='word_1_187' title='bbox 782 2564 786 2570; x_wconf 84' lang='lat'>&#39;</span> 
     </span>
    </p>
   </div>
   <div class='ocr_carea' id='block_1_3' title="bbox 81 2627 672 2726">
    <p class='ocr_par' dir='ltr' id='par_1_3' title="bbox 81 2627 672 2726">
     <span class='ocr_line' id='line_1_34' title="bbox 81 2627 672 2726; baseline -0.036 -24"><span class='ocrx_word' id='word_1_188' title='bbox 81 2677 87 2726; x_wconf 68' lang='lat'><em>3</em></span> <span class='ocrx_word' id='word_1_189' title='bbox 165 2627 672 2720; x_wconf 62' lang='lat' dir='ltr'>sputibiftutimdeeipienduseris.</span> 
     </span>
    </p>
   </div>
   <div class='ocr_carea' id='block_1_4' title="bbox 0 0 938 2962">
    <p class='ocr_par' dir='ltr' id='par_1_4' title="bbox 0 0 938 2962">
     <span class='ocr_line' id='line_1_35' title="bbox 0 0 938 2962; baseline 0 0"><span class='ocrx_word' id='word_1_190' title='bbox 0 0 938 2962; x_wconf 95' lang='lat' dir='ltr'> </span> 
     </span>
    </p>
   </div>
   <div class='ocr_carea' id='block_1_5' title="bbox 444 2850 535 2870">
    <p class='ocr_par' dir='ltr' id='par_1_5' title="bbox 444 2850 535 2870">
     <span class='ocr_line' id='line_1_36' title="bbox 444 2850 535 2870; baseline 0 0"><span class='ocrx_word' id='word_1_191' title='bbox 444 2850 535 2870; x_wconf 65' lang='lat'>*-</span> 
     </span>
    </p>
   </div>
  </div>
 </body>
</html>
