1868 2962
132 109 180 160 ⁴08
259 108 262 113 ’
317 112 682 159 Ρ.ΟἮ[)Ῑ1ΝΑ3οΝΙΒ

168 222 237 278 acta,
258 213 331 269 subit
341 212 432 269 furtim
446 213 548 269 lumina
561 211 630 268 fessa
642 231 732 286 sopor.

130 289 250 344 Forsitan
261 289 372 355 invitus,
390 307 494 344 mecum
508 297 605 354 temen,
617 289 748 361 improbe,
760 292 831 347 doru

167 371 205 429 et,
225 381 391 437 quamquam
403 382 455 419 non
464 365 505 420 vis
519 365 576 436 ipse
586 365 691 430 venire,
713 367 803 422 venis.

129 439 197 494 Nam
208 440 287 496 modo
295 449 321 494 te
334 440 424 494 videor
434 457 515 510 prope
525 440 578 493 iam
589 449 706 511 spectare
717 448 831 498 notanter

77 527 101 569 aa
167 514 275 570 brachia
286 532 358 570 nunc
368 515 487 569 humeris
498 514 608 569 humida
617 514 686 570 ierre
696 517 783 573 meis:

130 606 203 645 nunc
212 589 283 656 darc,
295 607 364 662 quae
373 589 453 655 soleo,
465 589 579 643 madidis
588 589 720 646 velamina
731 594 831 649 membr

168 673 270 737 pectora
282 680 354 720 nunc
365 664 455 721 iuncto
467 673 554 720 nostra
569 663 656 720 fovere
666 666 744 722 sinu:

129 740 423 813 multaquepraewrea,
444 740 551 814 linguae
560 739 691 796 reticenda
702 742 831 799 modesta«

167 833 236 889 quae
249 815 341 870 fecisse
351 815 438 880 iuvat,
460 814 525 870 iacta
536 814 631 870 referre
640 816 733 886 pudet.

76 903 101 945 65
129 891 171 947 Me
181 891 320 946 miseram!
336 890 471 945 breviseat
481 891 554 955 haec,
565 899 590 945 et
601 909 653 946 non
665 909 728 946 vera
738 893 831 966 volup!

167 984 230 1022 nam
242 974 270 1021 tu
284 983 346 1021 cum
356 983 450 1022 somno
460 983 564 1037 semper
572 967 644 1020 abire
654 966 734 1022 soles.

130 1042 287 1107 Firmiuso,
307 1041 397 1113 cupidi
407 1041 513 1096 tandem
522 1045 646 1096 ooe'amm
656 1051 788 1110 amentes,

168 1134 201 1172 ne
210 1125 316 1172 careant
325 1133 385 1171 vera
397 1117 495 1191 gaudia
507 1125 594 1172 nostra
606 1117 666 1171 fide.

130 1191 185 1248 Cur
194 1209 243 1267 ego
254 1200 291 1247 tot
300 1191 396 1246 viduas
406 1192 480 1265 exegi
493 1190 587 1264 frigida
600 1190 708 1248 nocam?

76 1278 102 1321 7⁰
166 1267 391 1331 curtotiesame,
413 1265 481 1321 lente
492 1275 605 1332 natator,
626 1264 707 1322 ebes?
751 1324 755 1332 ,

129 1342 177 1397 Eat
191 1359 277 1405 mare,
298 1341 437 1407 confiteor,
459 1341 579 1396 nondum
588 1341 725 1398 tractabile
736 1345 827 1399 nanti:

167 1425 241 1472 nocte
251 1415 297 1472 sed
308 1417 429 1472 hesterna
442 1416 525 1472 lenior
535 1434 598 1472 aum
609 1417 667 1472 fuir.

130 1491 185 1548 Cur
194 1509 223 1547 ea
234 1493 370 1564 praeterita
379 1491 438 1548 est?
465 1490 519 1548 Cur
529 1510 582 1548 non
593 1501 704 1548 ventura
715 1494 829 1550 timebas

167 1568 232 1623 Tam
242 1569 310 1624 bona
321 1585 373 1623 cur·
383 1568 474 1639 periit,
496 1583 544 1622 nec
554 1568 600 1622 tibi
612 1577 685 1640 rapta
696 1568 741 1622 via
752 1567 815 1624 cai?

76 1653 101 1695 75
129 1643 253 1699 Protinus
261 1651 292 1698 ut
300 1643 397 1697 similis
406 1643 484 1697 detur
492 1643 541 1696 tibi
552 1644 626 1714 copia
635 1660 743 1709 cursus,

167 1718 217 1772 hoc
226 1716 319 1772 melior
328 1725 411 1781 certe,
431 1734 486 1788 quo
496 1718 582 1788 prior,
604 1717 718 1773 iiiaiuit.

130 1792 163 1847 Aa
172 1792 224 1846 cito
234 1799 334 1846 mutata
342 1800 383 1846 est
393 1792 477 1846 iactati
488 1791 572 1848 forma
583 1793 707 1865 profundi
716 1812 722 1862 ;

166 1874 295 1937 tempore,
316 1883 401 1940 quiam
413 1884 547 1938 properas,
569 1885 647 1939 saepe
656 1870 760 1924 minore
768 1871 831 1926 veni

130 1941 186 2006 Hic,
194 1950 272 2012 puto,
281 1941 427 2014 deprensus
439 1943 486 2007 nil,
498 1943 570 2014 quod
580 1943 738 2015 querereris,
749 1945 831 2001 omer

77 2027 101 2070 ⁸0
167 2032 264 2088 meque
273 2017 320 2071 oiri·
332 2017 453 2090 amplexo
465 2018 536 2072 nulia
549 2028 651 2074 noceret
663 2019 761 2075 hiems.

130 2089 268 2166 Certeego'
277 2100 340 2147 tunc
349 2102 440 2149 ventos
452 2093 571 2148 audirem
582 2094 648 2166 laeta
657 2103 793 2162 sonantes,

167 2173 192 2220 et
202 2184 340 2239 nunquam
351 2168 467 2239 placidas
473 2166 538 2224 'esse
546 2187 666 2241 precarer
675 2187 770 2242 aquas.

129 2240 200 2309 Quid
211 2250 298 2297 tamen
307 2244 408 2308 evenit,
429 2245 525 2299 cursis
535 2244 693 2300 metuentior
702 2245 813 2301 undae?

167 2326 383 2391 contemtumque
392 2319 467 2391 prius
478 2337 551 2375 nunc
560 2337 665 2375 vereare
675 2318 794 2376 fretum?

76 2403 101 2445 85
129 2393 196 2447 Nam
208 2393 329 2459 memini,
342 2411 428 2466 quum
441 2402 584 2450 tesaevum
594 2395 716 2450 veniente
730 2398 831 2452 minam

167 2486 220 2524 non
231 2469 336 2535 minus,
358 2477 403 2524 aut
414 2468 499 2523 multo
509 2488 562 2526 non
572 2471 673 2534 minus,
695 2487 831 2543 aequorei

129 2560 214 2616 quum
226 2544 272 2598 tibi
282 2544 446 2608 clamabam,
467 2542 510 2598 sie
519 2553 547 2599 tu
559 2545 713 2600 temerarius
723 2553 791 2613 esic,

152 2636 191 2673 me
201 2620 320 2679 miserae
329 2621 417 2680 virtus
431 2620 524 2678 sittim
532 2619 624 2676 'iieneh
632 2620 715 2674 maiix.
