1868 2962
130 132 179 186 456
328 135 357 181 1³.
379 132 507 182 0v1D11
525 134 696 182 NASONIS

165 240 248 312 inque
257 255 322 295 euos
332 237 417 294 sontes
427 255 503 293 versa
513 239 624 296 recurrit
634 257 715 312 aqua.
739 292 742 299 .

129 314 302 373 Carminibus
311 313 508 370 cessere-fores:
530 315 684 388 insertaque
693 317 775 389 posti,

166 391 293 463 quamvis
303 391 386 446 robur
394 398 463 456 erat,
483 391 602 446 carmine
612 390 681 447 victa
692 409 751 447 eera
762 399 811 447 est.

129 466 201 534 Quid
211 467 279 521 mihi
291 465 421 538 profuerit
430 464 507 522 velox
516 474 638 522 cantatus
651 465 790 522 achilles?

75 556 100 598 uc
166 542 234 615 quid
244 560 293 614 pro
303 559 347 597 me
356 541 449 596 Aiaces
460 542 525 597 alter
534 541 634 597 etalter
644 541 743 617 agent?

130 619 233 691 quique
243 625 280 674 tct
290 616 416 682 errando,
437 626 502 689 quot
512 617 596 684 bello,
616 618 734 691 perdidit
743 617 845 674 anncs‘?

168 703 261 766 raptus
271 703 296 749 et
306 692 460 748 Haemoniis
469 691 566 749 flebilis
576 694 670 749 Hector
679 693 778 767 equis‘?

130 770 178 837 At,
200 770 279 826 facies
290 777 394 825 tenerae
402 776 433 823 ut
443 768 548 824 laudata
558 777 598 824 est
608 787 687 842 saepe
696 769 813 842 puellae,

168 846 201 902 ad
212 854 314 910 vatam,
335 843 452 915 pretium
461 845 604 910 carminis,
625 845 685 917 ipsa
696 845 779 901 venit.

77 935 102 977 35
131 925 227 997 Magna
238 921 316 977 datur
326 936 437 976 merces.
467 921 583 976 Heroum
593 919 665 976 clara
672 919 759 976 valete

170 998 293 1053 nomina:
314 1004 439 1067 nonapta
448 997 678 1071 estgratiarestra
688 996 769 1053 mihi.

133 1072 173 1130 Ad
184 1091 242 1129 mea
252 1072 382 1130 formosos
390 1071 482 1128 vultus
492 1071 614 1128 adhibete
627 1070 733 1144 puellae

169 1150 301 1216 carmina,
321 1164 475 1222 purpureus
484 1165 554 1221 quae
564 1147 632 1203 mihi
641 1148 724 1203 dictat
733 1147 827 1204 Amor.

341 1317 583 1375 ELEGIA
628 1317 673 1373 11.

134 1431 227 1508 Quem
235 1457 317 1514 penes
327 1447 367 1496 est
376 1439 513 1497 dominam
523 1439 647 1496 servandi
657 1457 736 1506 cura,
757 1440 850 1516 Bagai,

170 1518 236 1573 dum
247 1536 345 1593 perago
354 1525 442 1573 tecum
452 1534 551 1590 pauca,
571 1515 618 1570 sed
628 1523 703 1587 apta,
726 1533 802 1572 vaca.

133 1597 259 1651 Hesterna
269 1594 326 1649 vidi
335 1594 493 1666 spatiantem
503 1591 561 1647 luce
569 1591 687 1664 puellam

171 1670 231 1735 iila,
252 1687 322 1743 quae
332 1669 415 1725 Danai
424 1669 542 1741 porticus
552 1685 647 1742 agmen
659 1667 749 1722 habet.

79 1759 91 1801 5
133 1745 257 1800 Protinus
268 1753 298 1800 ut
307 1742 421 1816 placuit,
442 1745 505 1798 misi
516 1744 668 1815 scriptaque
680 1742 784 1817 rogavi.

170 1819 315 1892 Rescripsit
324 1820 440 1892 trepida,
461 1820 520 1907 Nqu
532 1818 605 1884 licet,
626 1817 777 1874 illamanu.
800 1839 804 1847 ’

132 1898 179 1962 Et,
200 1912 249 1950 cur
259 1913 313 1950 uon
325 1895 414 1962 liceat,
435 1896 588 1968 quaerenti,
610 1893 711 1949 reddita
721 1912 850 1951 caussari

170 1970 243 2045 quod
253 1971 370 2027 nimium
379 1972 503 2028 dominae
512 1989 575 2026 cura
586 1969 696 2026 molesta
708 1978 753 2025 tua
764 1979 815 2026 est.

133 2048 161 2105 Si
173 2048 284 2120 sapiso,
305 2053 409 2113 custos,
430 2048 537 2114 odium,
558 2045 728 2113 mihicrede,
750 2053 847 2102 mereri

79 2138 104 2179 tc
170 2123 276 2180 desine!
298 2122 384 2190 Quem
394 2123 490 2178 metuit
499 2123 629 2196 quisque,
651 2120 752 2194 perisse
760 2123 845 2195 cupit.

133 2201 181 2258 Vir
190 2216 358 2274 quoquencn
367 2199 488 2271 sapiens:
500 2198 567 2272 quid
577 2198 763 2253 enimservare
774 2197 850 2254 labor

171 2273 337 2342 undenihil,
358 2275 484 2347 quamvis
498 2294 551 2332 nou
562 2284 664 2338 tueare,
686 2273 772 2345 perit‘?

134 2351 185 2407 Sed
194 2359 269 2426 gerat
279 2350 322 2406 ille
333 2368 382 2406 suo
393 2368 495 2406 morem
505 2350 623 2406 furiosus
632 2351 730 2405 amori:

172 2435 197 2481 et
206 2435 320 2494 castam,
341 2425 433 2482 multis
443 2444 512 2497 quae
521 2425 620 2499 placet,
640 2442 699 2480 esse
710 2433 794 2496 putet.

50 2561 52 2564 ,
80 2513 106 2557 15
134 2503 203 2557 Huic
212 2502 310 2559 furtiva
321 2511 366 2560 tuo
377 2502 484 2557 libertas
496 2520 607 2557 munere
616 2501 706 2564 detur;

172 2595 256 2651 quam
264 2578 367 2636 dederis
378 2578 431 2645 illi,
452 2577 544 2633 reddat
554 2577 637 2632 utilla
647 2575 706 2630 tibi.

125 2655 261 2715 Conscius
270 2675 333 2717 esse
342 2656 426 2718 veliet
448 2651 833 2713 dominaeateuacixaaewc.
