1868 2962
242 154 454 202 HEROIDES.
476 156 533 202 ΕΡ.
546 155 605 203 XV.
771 149 803 202 77

56 258 103 312 llst
113 253 227 319 nitidus,
238 254 361 327 vitroque
369 255 456 330 magis
466 255 618 328 perlucidus
627 256 710 323 omni,

92 331 154 388 lons
165 347 253 386 sacer:
274 331 348 385 hunc
358 330 547 391 multinumen
557 330 652 386 habere
662 340 771 403 putant:

59 424 140 480 quem
151 423 234 477 supra
246 423 334 461 ramos
344 405 471 477 expandit
480 406 600 478 aquatica
611 405 687 472 lotos,
754 446 761 458 .

92 499 149 537 una
160 497 271 548 nemus;
293 487 382 536 tenero
391 482 490 553 cespite
500 489 567 536 terra
578 480 653 536 viret.
821 493 859 536 loc

57 557 105 612 llic
115 574 166 630 ego
176 573 263 628 quum
274 555 358 612 lassos
368 557 519 629 posuissem
530 555 636 611 fletibus
645 564 728 622 artus,

92 631 213 687 constitit
223 640 283 687 ante
292 630 383 687 oculos
393 633 473 688 Naias
483 649 538 687 una
550 648 634 687 meos.

56 707 191 772 Constitit,
202 714 228 761 et
236 707 313 772 dixit,
329 706 462 773 Quoniam
473 725 525 763 non
536 707 646 781 ignibus
657 706 749 778 aequis

94 783 192 849 ureris,
203 780 359 838 Ambracias
370 790 437 837 terra
448 783 558 855 peteuda
570 783 629 838 tibi.

57 858 182 914 Phoebus
202 857 235 912 ab
254 857 366 924 excelso,
388 866 519 931 quantum
535 865 614 930 palet‚
635 857 748 929 adspicit
762 875 805 912 ae-

594 951 675 1006 quor:
821 944 860 987 roa

94 1007 235 1064 Actiacum
246 1007 340 1080 populi
350 1008 568 1081 Leucadiumque
577 1017 681 1065 vocant.

56 1086 125 1141 Hinc
134 1101 164 1139 se
173 1083 326 1150 Deucalion,
339 1084 456 1158 Pyrrhae
466 1101 611 1139 succensus
620 1102 718 1149 amore,

94 1160 178 1225 misit,
189 1165 216 1214 et
225 1158 317 1215 illaeso
325 1177 433 1231 corpore
442 1159 539 1230 pressit
547 1177 641 1231 aquas.
740 1165 743 1170 ’

57 1238 111 1291 Nec
122 1252 210 1292 more:
231 1252 325 1290 versus
336 1235 418 1290 Amor
430 1235 515 1309 tetigit
525 1233 671 1290 lentissima
680 1235 796 1308 Pyrrhae

94 1318 215 1384 pectem
235 1310 377 1366 Deucalion
387 1310 449 1384 igne
460 1311 562 1365 levatus
571 1317 635 1365 erat.
822 1321 860 1363 170

58 1389 131 1443 Hanc
142 1386 228 1461 legem
239 1385 312 1442 locus
323 1385 368 1440 ille
376 1393 455 1459 tenet.
475 1386 536 1440 Pete
545 1385 667 1456 protinus
679 1385 758 1440 allam

94 1462 232 1531 Leucada3
254 1478 302 1516 nee
310 1479 376 1517 saxo
384 1459 525 1516 desiluisse
534 1461 607 1516 time.

37 1533 92 1595 'Ut
102 1537 221 1602 monuit,
241 1554 304 1592 cum
313 1553 377 1592 voce
387 1535 461 1590 abiit.
482 1536 540 1609 Ego
549 1536 637 1590 territa
648 1552 744 1608 surgo:

97 1630 147 1669 nec
156 1611 282 1688 gravidae
292 1612 415 1668 lacrimas
425 1611 579 1666 continuere
589 1628 681 1685 genae.

59 1690 174 1754 Ibimus,
185 1706 211 1754 0,
221 1688 356 1762 Nympho,
368 1694 567 1759 monstrataque
577 1704 641 1741 saxa
650 1693 781 1759 petemus.
823 1698 861 1739 155

95 1765 136 1820 Sit
146 1761 239 1835 procul
250 1763 344 1819 insano
352 1762 440 1818 victus
450 1781 539 1818 amore
547 1763 636 1818 timor.

57 1836 803 1912 Quidquiderit,melius‚quamnunc,orihhurasubito:

96 1923 123 1971 et
130 1932 190 1970 mea
201 1932 254 1970 non
263 1932 392 1988 maguum
403 1932 511 1987 corpora
521 1915 627 1986 pondus
637 1914 744 1969 habent.

58 1993 99 2046 Tu
110 2007 228 2063 quoque,
240 1989 328 2045 mollis
338 1990 431 2058 Amor,
442 2007 544 2061 pennas
555 2006 676 2062 suppone
684 1988 786 2045 cadenti
797 2009 802 2041 :

85 2084 131 2121 ·ne
141 2065 194 2120 sim
205 2065 350 2120 Leucadiae
360 2073 465 2121 mortua
474 2065 575 2120 crimen
585 2083 678 2138 aquae.
822 2075 860 2118 loo

58 2142 124 2197 Inde
132 2139 231 2214 chelyn
242 2140 355 2205 Phoebo,
367 2141 520 2196 communIa
531 2159 651 2207 munera,
663 2157 775 2212 ponam:

96 2215 616 2272 elsubeaversusunuselaltererunt:

60 2294 148 2348 Graio
158 2295 244 2361 lyram
254 2297 331 2360 posui
342 2296 396 2354 lili,
410 2293 513 2356 Phoebe,
522 2298 626 2361 poe‘trr'o
637 2292 755 2359 Sappho:

97 2372 216 2422 convenil
229 2370 277 2420 r'lla
286 2370 356 2430 mihi,
369 2372 485 2422 convenit
494 2372 542 2422 illo
554 2373 608 2422 libi.

58 2443 115 2499 Cur
124 2449 215 2496 tamen
227 2439 346 2496 Actiacas
356 2442 481 2497 miseram
491 2460 534 2498 me
544 2442 628 2496 mittis
638 2438 672 2494 ad
681 2457 750 2505 oras,
822 2451 861 2493 185

96 2534 186 2591 quum
195 2514 340 2590 profugum
349 2518 437 2589 possis
447 2519 505 2590 ipse
515 2516 610 2573 referre
619 2513 732 2586 pedem‘l

58 2596 101 2650 Tu
111 2592 181 2648 mihi
194 2592 324 2648 Leucadia
332 2601 407 2665 potes
418 2611 476 2652 esse
486 2591 622 2651 salubrior
631 2589 727 2649 unda:¹

91 2667 211 2722 ersom
219 2669 482 2732 etmerilistumihi
491 2673 627 2735 Phoebus
636 2671 708 2732 eris.
