1868 2962
229 125 437 186 annotans.
466 141 520 187 er.
536 141 606 189 xm.
757 136 788 187 89

81 238 197 296 efficiam
206 257 340 310 praesens,
357 247 387 295 ut
396 258 455 296 mea
465 259 545 315 regna
554 250 636 313 petas.

48 314 73 370 Si
83 315 176 387 pudet,
192 321 218 368 et
226 316 334 381 metuis,
349 332 383 370 ne
391 330 435 370 me
443 316 549 370 videare
558 326 659 387 secuta3

82 391 142 463 ipse
152 407 215 444 reus
225 390 283 445 sine
292 399 318 445 te
327 391 447 447 oriminis
458 390 541 446 huius
554 409 607 448 ero.

48 468 113 520 Nam
125 482 224 536 sequar
233 463 348 539 Aegidae
357 465 466 531 factum,
481 466 645 540 fratrumque
655 477 771 524 tuorum.
804 481 843 525 325

81 539 214 611 Exemplo
223 541 297 614 tangi
310 559 363 596 non
372 542 494 614 propiore
503 549 587 612 potes.

48 617 83 670 Te
93 615 184 687 rapuit
196 614 328 685 Theseus3
348 618 470 690 geminas
480 617 657 689 Leucippidas
668 618 720 674 illi:

83 697 198 762 quartus
207 690 237 745 in
246 691 375 763 exemplis
385 692 580 747 adnumerabor
589 709 647 766 ego.

48 765 141 821 Troica
151 764 244 821 classis
254 765 336 832 adest,
351 767 432 821 armis
445 767 574 822 instructa
583 768 713 840 virisque.

84 841 141 894 iam
152 839 248 895 iaoient
257 841 353 895 oeleres
363 859 454 897 remus
462 850 488 897 et
497 859 561 897 aura
570 843 638 898 vias.
805 856 843 899 33⁰

48 915 102 970 Ibis
111 915 257 981 Dardanias
267 916 362 990 ingens
373 917 464 991 regina
473 935 520 990 per
529 917 624 975 urbes:
697 911 700 917 ’

84 997 164 1063 taque
173 1008 270 1046 novam
279 991 366 1047 credet
377 990 475 1065 vulgus
486 992 577 1048 adesse
585 994 672 1048 deam.

47 1065 160 1138 Quaque
169 1065 236 1122 feres
243 1084 362 1141 gressus,
374 1067 517 1122 adolebunt
528 1069 651 1123 cinnama
658 1067 788 1134 flammae,

84 1158 215 1213 caesaque
226 1143 400 1216 sanguineam
410 1142 518 1198 victima
530 1143 638 1218 planget
646 1143 770 1198 humum.

48 1218 122 1273 Dona
131 1225 205 1289 pater
214 1215 394 1290 fratresquoet
403 1235 465 1272 oum
475 1218 601 1292 genitrice
616 1236 717 1273 sorores
806 1231 844 1273 335

86 1291 335 1365 Iliadesqueomnes
345 1300 453 1366 totaque
462 1294 539 1349 Troia
549 1293 633 1349 dabit.

48 1369 95 1423 Hei
108 1367 186 1433 mihi,
200 1368 270 1423 vira
281 1387 323 1423 me
332 1386 395 1440 pars
404 1369 501 1424 dicitur
509 1368 565 1424 ulla
575 1367 668 1424 futuri.

85 1443 165 1497 Plura
178 1442 255 1509 feres,
269 1461 351 1516 quam
361 1461 431 1516 quae
441 1444 514 1499 litera
525 1451 614 1499 nostra
627 1443 713 1498 refert.

48 1521 104 1575 Nec
112 1527 142 1573 tu
152 1526 226 1590 rapta
235 1519 309 1584 time,
325 1536 358 1574 ue
368 1537 416 1575 nos
426 1518 558 1573 sarabella
569 1527 724 1590 sequantur,

85 1594 198 1649 eon'oitet
207 1602 233 1648 et
241 1595 312 1649 vires
322 1594 432 1650 Graecia
442 1602 494 1650 tota
508 1611 581 1649 ruas.
806 1603 844 1649 ato

48 1671 97 1724 Tot
106 1669 184 1741 prius
194 1669 325 1735 abductis,
345 1669 390 1725 die
399 1687 469 1742 quae
477 1670 585 1741 repetita
594 1686 642 1742 per
652 1686 724 1723 arma
734 1668 792 1725 est?

86 1744 169 1800 Crede
180 1744 257 1810 mihi,
271 1763 354 1800 vanos
365 1763 407 1800 res
416 1745 495 1801 hahet
505 1747 555 1800 ista
566 1753 660 1800 metus.

48 1820 162 1876 Nomine
170 1828 297 1891 ceperunt
305 1820 447 1892 Aquilonis
459 1820 618 1876 Erechthida
624 1821 750 1890 Thraces;

86 1902 143 1950 tuta
151 1902 240 1950 tamen
251 1895 320 1951 bello
328 1897 443 1951 Bistonis
452 1913 497 1950 ora
507 1895 567 1950 tuit.

48 1969 162 2037 Phasida
172 1986 262 2042 puppe
275 1988 343 2026 nova
353 1971 427 2026 vexit
435 1972 584 2045 Pagasaeus
597 1971 683 2036 Iason,
806 1977 845 2023 345

85 2044 155 2100 laesa
167 2062 215 2100 neo
224 2053 264 2100 est
273 2045 369 2102 Colcha
380 2045 506 2100 Thessala
518 2053 585 2100 terra
595 2063 687 2100 manu.

49 2120 85 2175 Te
94 2138 203 2193 quoque
212 2121 259 2192 qni
273 2121 370 2192 rapuit,
385 2121 474 2192 rapuit
483 2120 600 2176 Minoida
610 2121 741 2189 Thesens;

86 2194 161 2251 uuila
174 2203 262 2251 tamen
272 2197 359 2251 Minos
369 2197 458 2252 Cretas
469 2195 502 2250 ad
513 2213 586 2250 arma
596 2205 680 2251 vocat.

48 2272 143 2326 Terror
152 2272 181 2325 in
191 2270 233 2325 his
244 2271 303 2343 ipso
313 2272 397 2327 maior
406 2271 471 2326 solet
480 2288 538 2326 esse
546 2270 657 2342 periclo:

86 2363 210 2418 quaeque
219 2346 311 2401 timere
321 2346 393 2412 libet,
407 2346 576 2418 pertimuisse
589 2344 680 2417 pudet.
807 2355 845 2399 35⁰

47 2422 239 2496 Fingetamen,
256 2422 345 2486 aivis,
360 2423 455 2496 ingens
464 2438 624 2495 consurgere
638 2419 753 2474 beilum:

86 2507 112 2551 et
121 2496 190 2550 mihi
201 2505 265 2551 sunt
277 2497 361 2552 vires:
376 2505 401 2551 et
409 2514 468 2552 mea
477 2497 528 2551 teia
539 2502 641 2551 nocent.

48 2575 104 2627 Neo
114 2571 202 2626 minor
212 2581 252 2626 est
260 2570 348 2637 Asiae,
363 2589 444 2644 quam
454 2579 556 2626 vestrae
565 2569 749 2642 oopiaterrae·.

86 2646 133 2703 illa
145 2646 300 2714 umentes,
315 2647 392 2706 dives
402 2649 527 2709 abundat
537 2647 633 2726 equis.
