1868 2962
206 148 651 225 snurvruusucusruu.
748 169 798 225 325

53 296 102 352 per
112 295 181 351 quee
190 275 282 349 deletis
292 275 454 332 Rheetcrum
463 282 570 331 venerut
578 275 671 330 ermis.
814 286 853 330 115

91 353 139 409 Hei
150 353 233 408 mihil
253 369 336 425 quem
346 351 437 423 disper
446 350 510 405 huic
519 349 570 405 fuit
579 349 646 405 iilud
656 351 718 405 iteri

54 427 157 486 Consul
169 428 221 483 init
230 426 320 482 freceis
331 434 490 482 moerentem
501 423 618 480 fascibus
629 424 735 481 Urbem.

92 503 164 572 Quid
176 502 376 567 ieceretuictrm
399 500 495 556 sicubi
505 499 666 556 victuriuit‘i

53 576 397 653 Moestudcmuspleugcre
405 584 495 645 ennet;
517 576 562 632 cui
576 576 655 650 figere
665 573 748 631 laetus

91 652 668 728 parusuadominusveverarsrmsmanu.
815 662 854 704 mu

28 759 30 766 ·
54 731 124 786 Urbs
133 729 227 805 gemit,
247 725 389 784 etuultum
399 727 561 782 miserabilis
574 724 662 782 induit
672 744 768 782 unum.

92 804 227 863 Gentibus
236 803 355 859 adversis
365 803 449 858 forms
463 800 563 867 ciuilis,
584 802 689 874 preccrl

44 881 150 937 'Incerti
159 878 343 952 claudumque
351 877 459 944 demus,
480 879 673 950 strepitumque
689 893 736 950 per
754 893 802 930 ur-

624 965 665 1020 ω,

91 1025 693 1102 bicillicpevidiclemquepeiemquedcient.

56 1103 216 1169 missilem,
238 1111 382 1174 mutesque
391 1108 477 1158 tenent
485 1103 546 1157 siue
555 1103 661 1158 vindice
673 1102 756 1177 leges.
817 1114 855 1157 111

92 1178 240 1252 adspicitur
248 1184 301 1234 tete
311 1188 429 1250 purpure
440 1177 513 1233 uuile
527 1176 592 1233 foro.

55 1255 143 1327 Dique
152 1253 234 1310 larem
242 1252 363 1325 templis:
375 1268 463 1324 neque
472 1251 801 1326 iniquuedfunerevultus

94 1329 222 1404 praebent
229 1349 241 1385 ε-
257 1341 306 1384 nec
314 1335 430 1402 poscunt⁸
437 1336 496 1383 ture
506 1327 612 1384 ferenda
624 1346 696 1404 rogo.

56 1405 192 1463 Obscurus
201 1402 312 1460 delubra
321 1411 421 1459 urent.
452 1403 536 1458 Pudet
544 1421 590 1459 ere
599 1403 734 1460 colentum

94 1479 239 1552 adspicere,
259 1478 386 1543 invidiae,
411 1494 494 1550 quem
504 1492 633 1542 meruere,
655 1487 738 1534 metu.
816 1488 856 1533 111

57 1555 146 1630 Atque
155 1552 383 1627 eliquisdeplebe
391 1554 453 1625 pius
462 1570 511 1626 pro
520 1569 637 1626 peupere
646 1562 707 1610 neto

94 1628 239 1687 sustulerat
247 1629 356 1685 timidas
364 1628 451 1684 sidere
462 1629 495 1684 ed
505 1628 557 1684 ulte
568 1645 681 1684 munus:

57 1706 335 1780 iamqueprecsturus‚
346 1704 529 1780 Quidegoiem
538 1703 673 1772 credulus,
689 1705 786 1778 inquit,

96 1780 242 1853 suscipiam
253 1783 281 1837 in
291 1780 380 1837 nullos
390 1780 463 1836 irritu
475 1790 534 1837 vote
543 1779 625 1836 deos?
851 1783 853 1788 ‘

58 1856 145 1924 Livia,
164 1874 218 1913 non
228 1855 288 1912 illos
298 1874 347 1929 pro
356 1857 444 1911 Druse
452 1856 527 1911 Livie
538 1858 635 1911 movit:
817 1865 856 1910 195

96 1950 145 1990 nos
161 1933 263 1988 erimus
272 1948 371 2006 magne
379 1935 495 1987 menime
504 1948 568 1987 cure
579 1928 652 1987 lovi‘?

59 2007 145 2064 Dixit:
165 2016 191 2062 et
199 2007 283 2063 iratus
292 2016 352 2063 vote
365 2007 515 2079 insuscepte
529 2005 649 2080 reiiquit3

95 2082 397 2159 durauitquesnimum.
416 2081 589 2156 destituitque
599 2096 698 2156 preces.

59 2157 145 2214 Obvia
156 2158 233 2213 turbe
243 2158 311 2213 ruit:
334 2155 505 2230 lacrimisque
514 2159 664 2232 rigentibus
673 2174 717 2213 ere

96 2231 216 2289 consulis
225 2232 306 2304 erepti
317 2231 424 2304 publice
433 2231 530 2288 demus
544 2235 631 2289 refert.
818 2243 857 2286 eeu

59 2306 194 2364 Omnibus
205 2306 285 2362 iidem
298 2306 383 2376 ocuii;
403 2323 451 2378 per
459 2317 500 2362 est
508 2306 645 2364 concordie
656 2305 745 2362 flendi.

97 2383 211 2438 Funeris
220 2381 356 2454 exsequiis
365 2381 495 2438 adsumus
504 2382 593 2439 omnis
604 2382 704 2454 Eques.

60 2457 156 2515 Omnis
166 2457 240 2513 adest
248 2465 332 2512 aetus:
352 2467 472 2514 moerent
480 2460 645 2530 iuvenesque
653 2473 797 2530 senesque,

97 2533 231 2589 Ausoniae
240 2540 348 2591 matres.
368 2530 556 2606 Ausuuiecque
566 2549 662 2587 nurus.
683 2583 686 2589 ,
754 2557 757 2564 ·

59 2607 236 2681 Auctorisque
245 2607 288 2663 sui
298 2606 443 2678 praefertur
453 2608 571 2684 imagine
584 2613 700 2672 mmsis,
820 2617 871 2655 *uz

94 2700 165 2754 quse
175 2683 270 2740 nutrix
280 2681 388 2760 templis
397 2680 601 2744 debimisums
611 2689 684 2742 erue.
