1868 2962
245 109 624 216 nuubruus.nr.xx1.
674 193 677 200 ·
759 164 808 217 125

95 267 179 324 rerba
188 267 247 323 suis
256 266 354 324 frustra
363 269 467 324 viribus
477 270 539 324 orba
551 278 631 326 11111.

56 344 117 400 Non
127 360 180 418 ego
189 342 293 400 iuravi:
315 344 367 418 legi
378 345 492 399 iurantia
503 345 593 400 verba.

93 419 145 476 Vir
157 418 227 474 mihi
238 438 291 475 non
301 420 353 476 isto
363 438 436 476 more
447 419 574 494 legendus
584 437 651 476 eras.

55 494 155 567 Decipe
164 493 205 548 sie
214 493 295 551 alias:
316 495 439 551 succedat
449 495 558 568 epistola
570 505 658 568 pomo.
825 502 864 549 115

93 570 124 625 Si
135 567 209 626 valet
218 569 281 636 hoe,
303 588 415 645 magnas
425 570 517 627 divitis
529 572 604 627 auler
613 587 686 642 opes.

55 646 125 710 Fac,
147 645 239 700 iurent
248 663 322 720 reges
332 664 381 701 sua
394 665 424 701 se
432 647 480 701 tibi
490 664 572 721 regna
582 646 704 713 datur0s3

94 721 188 792 sitque
197 728 290 787 tuum,
311 729 364 777 toto
374 722 507 794 quidquid
518 723 545 776 in
557 723 620 778 orbe
629 721 723 794 placet.

56 796 183 852 Maiores
196 795 314 869 hacipsa
325 796 424 863 multo,
446 797 613 862 mihicrede,
635 797 729 863 Diana,

94 872 120 926 si
130 879 179 926 tua
190 878 246 926 tam
256 889 383 944 praesens
395 872 467 927 litera
479 890 578 928 numen
592 873 681 927 babet.
827 881 865 924 150

55 947 152 1015 Quum
162 953 251 1001 tamen
262 947 328 1002 haee
337 947 403 1012 dixi,
411 965 498 1019 quum
508 967 551 1003 me
561 948 608 1002 tibi
621 948 698 1003 firma
704 945 810 1020 negavi,

95 1039 184 1095 quum
195 1022 264 1077 bene
273 1022 400 1094 promissi
410 1040 503 1077 caussa
515 1032 617 1094 peracta
627 1040 680 1078 mer
689 1030 742 1092 est;

55 1097 200 1163 eonfiteor,
221 1097 302 1153 timeo
311 1115 405 1152 saevae
415 1098 538 1154 Latoidos
548 1099 630 1155 iram:

95 1181 121 1227 et
131 1189 230 1245 eorpus
241 1171 309 1228 laedi
322 1174 445 1246 suspicor
457 1174 519 1228 inde
532 1191 634 1230 meum.

55 1250 127 1304 Nam
139 1265 237 1320 quare,
259 1249 363 1320 quoties
374 1249 481 1304 socialia
491 1267 565 1304 saera
575 1255 712 1322 parantur,
827 1260 866 1302 155

96 1330 232 1396 nupturae
240 1324 316 1380 toties
327 1323 454 1399 languida
466 1326 586 1380 membra
596 1323 713 1380 eadunt?

56 1401 109 1455 Ter
119 1398 190 1454 mihi
200 1399 254 1455 iam
263 1399 375 1455 veniens
385 1400 484 1471 positas
494 1399 708 1475 Hymenaeus'sd
721 1417 779 1454 aras

96 1475 183 1550 tagit,
204 1475 372 1530 etethalami
383 1475 476 1530 limine
485 1484 559 1550 terga
568 1475 650 1529 dedit.

54 1552 167 1624 Vixque
176 1567 259 1606 manu
269 1551 346 1624 pigra
356 1551 431 1605 toties
442 1549 531 1605 inlusa
542 1556 686 1624 resurgunt

97 1626 219 1682 lumina:
239 1626 288 1682 rix
298 1634 369 1681 meto
380 1626 489 1697 corripit
500 1626 563 1700 igne
571 1624 652 1680 laces.
829 1637 867 1680 ltu

55 1704 145 1775 Saepe
153 1703 285 1758 coronatis
294 1701 396 1757 stillant
406 1710 543 1776 unguenta
556 1700 669 1773 capillis,

97 1786 124 1833 et
133 1776 249 1833 trabitur
261 1777 347 1833 multo
356 1776 495 1850 splendida
505 1776 576 1850 palla
586 1793 672 1833 croco.

55 1855 154 1922 Quum
164 1853 252 1928 eetigit
261 1851 358 1919 limen,
380 1852 503 1908 lacrimas
512 1853 660 1925 mortisque
670 1853 791 1907 timorem

96 1928 198 1995 cernit,
218 1936 244 1982 et
253 1947 268 1983 a
278 1927 352 1983 cultu
363 1928 447 1983 multa
458 1936 556 1983 remota
569 1946 629 1984 suo.

55 2004 168 2062 Proiieit
176 2002 236 2077 ipse
246 2021 296 2059 sua
305 2003 431 2059 deductas
445 2001 530 2058 fronte
541 2021 660 2070 coronas¹
828 2012 867 2055 115

97 2079 241 2152 spissaque
252 2080 286 2135 de
295 2080 387 2135 nitidis
397 2079 477 2154 tergit
485 2097 589 2135 amoma
601 2079 699 2136 eomis:

55 2164 84 2211 et
93 2153 179 2228 pudet
187 2154 216 2209 in
226 2155 296 2209 tristi
307 2154 405 2210 laetum
416 2173 576 2230 consurgere
584 2156 677 2210 turba:

97 2229 202 2304 quique
211 2238 267 2285 erat
276 2230 305 2285 in
315 2229 400 2302 palla,
420 2231 516 2286 transit
526 2231 554 2286 in
565 2249 609 2287 ora
620 2231 711 2286 rubor.

54 2305 190 2372 Atmihi,
211 2323 260 2362 vae
272 2304 398 2361 miserael
420 2312 553 2362 torrentur
563 2306 683 2361 febribus
694 2310 781 2358 artus:

96 2389 125 2438 et
132 2381 244 2456 gravius
255 2381 326 2436 iusto
334 2380 415 2454 pallia
423 2380 529 2454 pondus
539 2382 651 2437 babent:

55 2454 153 2522 nostra
174 2474 209 2512 ue
217 2456 351 2529 plorantes
363 2456 440 2513 video
453 2475 535 2530 super
547 2475 592 2512 ora
603 2460 739 2528 parentes:

97 2541 140 2599 et,
154 2473 219 2588 ‘boe
229 2550 278 2605 pro
288 2531 412 2598 thalami,
434 2531 479 2590 fax
489 2531 557 2587 mihi
568 2530 660 2584 mortis
671 2528 753 2582 adest.

54 2612 144 2667 Parce
153 2606 296 2673 laboranti,
315 2607 387 2680 picta
398 2607 447 2665 dea
458 2606 527 2683 laeta
539 2605 685 2682 pharetra,

89 2682 180 2753 daque
187 2679 355 2740 salutiferam
366 2684 426 2744 iam
435 2687 511 2746 mibi
521 2685 621 2744 fratris
631 2701 730 2762 ouem.
