1868 2962
176 146 191 194 6
364 149 392 194 Ρ.
413 146 540 194 ovlnn
557 147 725 195 NASONIS

176 250 275 302 Thesea
285 247 389 314 devovi,
400 250 464 320 quia
474 257 499 304 te
508 249 639 304 dimittere
649 248 741 317 nollet3

213 340 262 377 nec
271 323 356 378 tenuit
366 340 461 379 cursus
471 323 578 380 forsitan
590 324 635 378 ille
645 332 712 378 tuos.

130 414 147 454 ¹5
175 398 311 454 Interdum
321 399 408 466 timui,
420 416 462 466 ne,
473 398 538 454 dum
548 400 615 454 vada
625 399 711 454 tendis
722 398 756 453 ad
765 397 856 463 Hebri,

213 491 299 528 mersa
309 472 448 530 foretcana
458 473 585 546 naufraga
596 475 695 545 puppis
705 491 785 545 aqua.

176 549 259 621 Saepe
270 548 333 605 deos
344 549 458 622 supplex
466 566 515 620 pro
525 556 559 613 te,
571 548 704 614 scelerae,
715 549 817 622 rogavi,

213 641 275 679 cum
284 642 360 697 prece
374 624 523 679 turicremis
532 623 687 678 devenerata
697 622 771 678 iocis.

176 699 267 772 Saepe,
281 700 374 755 videns
383 706 475 754 ventos
485 697 557 754 caelo
565 697 713 772 pelagoque
725 697 853 764 faventes,

123 787 147 829 ιιι
214 776 272 847 ipsa
282 774 349 829 mihi
359 773 429 829 dixi·
450 773 478 828 Si
488 772 558 829 valet
570 772 625 839 ilie
636 773 719 828 venit.
759 786 763 791 ·

176 851 296 922 Denique
303 848 373 903 fidus
383 866 456 904 emor
460 848 816 921 quidquidproperantibus
825 847 921 913 obstat,

214 924 304 992 finxit;
325 923 393 979 etad
402 941 510 979 caussas
521 940 658 998 ingeniosa
668 923 715 978 fui

177 999 211 1055 Αι
220 1007 249 1054 tu
260 997 347 1054 lentus
356 999 432 1055 abes:
454 1016 502 1055 nee
513 1006 539 1053 te
551 1000 635 1054 iurata
646 998 776 1053 reducunt

215 1075 340 1144 numina;
361 1091 409 1130 uec
419 1082 508 1131 uestro
517 1081 606 1130 motus
617 1091 705 1129 amore
714 1073 795 1128 redis

123 1164 148 1205 ιι
176 1149 356 1221 Demophoon,
367 1150 455 1207 ventis
464 1157 489 1205 et
497 1149 577 1206 verba
591 1157 616 1204 et
624 1149 683 1204 vela
692 1148 799 1203 dedisti.
861 1172 864 1178 ·

214 1223 278 1281 Vela
286 1242 383 1297 queror
394 1225 491 1291 reditu,
502 1224 583 1280 verba
592 1241 681 1279 carere
691 1223 751 1278 fide.

176 1300 224 1355 Dic
232 1300 310 1366 mihi,
321 1300 389 1373 quid
398 1298 456 1367 ieci,
470 1300 521 1355 nisi
532 1317 586 1355 non
594 1300 725 1371 sapienter
735 1297 841 1355 amavi?

215 1375 451 1448 Criminetepotui
460 1375 624 1430 demeruisse
634 1391 703 1430 meo.

177 1451 267 1508 Unum
277 1450 306 1506 iu
316 1468 360 1506 me
369 1450 456 1506 scelus
466 1457 514 1517 est
526 1449 643 1523 quode,
655 1449 787 1514 seelerate,
799 1449 896 1521 recepi

124 1539 149 1580 3ο
215 1526 362 1583 Sedseelus
371 1527 422 1583 hoc
431 1527 517 1582 meriti
526 1525 632 1598 pondus
642 1534 667 1580 et
676 1525 760 1580 instar
768 1524 858 1579 habet

179 1603 249 1668 Iure,
256 1601 332 1669 fides,
337 1602 385 1658 ubi
396 1619 468 1657 nune
470 1600 789 1674 ‚eommissaquedextera
798 1599 919 1655 dextrae?

215 1678 317 1749 quique
325 1685 380 1731 eret
389 1677 417 1732 in
428 1676 495 1732 falso
502 1674 637 1748 plurimus
646 1693 691 1732 ore
700 1673 784 1730 deus?

178 1752 326 1824 promissus
336 1753 420 1807 socios
430 1751 477 1806 ubi
490 1768 562 1807 nuuc
572 1751 759 1826 Hymenaeus
752 1768 780 1804 ιιι
792 1767 886 1817 annos,

215 1845 263 1899 qui
256 1827 341 1880 'mihi
350 1827 468 1900 eoniugii
482 1844 595 1914 sponset
603 1835 630 1882 et
638 1828 715 1883 obses
724 1824 797 1881 erat?

125 1914 149 1954 3
178 1903 227 1956 Per
235 1919 317 1967 mare
328 1901 401 1973 qued
411 1909 495 1957 tatum
505 1902 591 1956 ventis
601 1903 715 1976 agitatur
725 1909 750 1956 et
759 1899 854 1970 undis,

214 1994 262 2048 per
271 1976 343 2048 quod
353 1994 431 2048 saepe
440 1995 507 2032 ieras
510 1995 576 2049 per
585 1979 676 2050 quod
668 1985 755 2032 iturus
765 1993 838 2031 eras

179 2069 279 2124 perque
288 2058 365 2107 tuum
375 2052 460 2106 mihi
453 2054 545 2107 iurasti
550 2053 628 2126 ‚inisi
639 2054 715 2107 fictus
725 2060 751 2107 et
759 2050 804 2106 ilie
814 2057 863 2117 est,
865 2049 873 2076 ³

216 2127 317 2182 concita
326 2144 374 2199 qui
384 2135 447 2182 vent
447 2147 470 2181 is
479 2145 592 2201 aequora
602 2127 709 2192 mulcet,
721 2144 816 2183 avum:

179 2221 227 2275 per
235 2202 373 2268 Venerem
385 2219 553 2275 nimiumque
562 2203 630 2257 mlhl
640 2202 761 2258 facientia
773 2202 834 2269 tela,

126 2284 151 2330 iu
216 2277 297 2332 altere
306 2277 356 2332 tela
366 2295 453 2343 arcus
464 2278 544 2332 altera
554 2277 604 2333 tela
614 2277 696 2333 faces

180 2353 371 2424 Iunonemque
384 2353 447 2408 tuus
457 2353 665 2425 quaepraesidet
674 2352 744 2408 alma
753 2352 867 2419 maritis,

216 2436 243 2483 et
251 2445 298 2499 per
308 2427 446 2483 taediferae
454 2429 566 2502 mystica
576 2447 649 2483 sacra
659 2429 732 2483 deae.

180 2501 207 2556 Si
218 2502 250 2557 de
260 2510 297 2558 tat
306 2502 383 2558 laesis
393 2521 442 2558 sue
453 2504 562 2559 numina
577 2505 692 2590 quisque
701 2502 811 2559 deorum

217 2578 361 2644 vindieat,
354 2597 382 2634 ιιι
392 2596 489 2651 poenes
501 2596 553 2634 uon
563 2579 626 2633 satis
636 2596 707 2633 unus
720 2579 783 2633 eris.

128 2661 153 2706 ιι
180 2654 213 2710 At
225 2652 321 2708 laceras
331 2655 410 2710 etiam
420 2672 524 2728 puppes
534 2653 631 2710 furiosa
643 2653 730 2719 refeci,

125 2840 168 2863 ⁴·-
181 2864 185 2867 .
