1868 2962
111 233 114 240 Ι
168 128 626 213 AR⁴TISAMATOR1AELIB.
646 164 689 214 111.
747 163 797 218 269

53 274 136 340 etque
145 265 243 340 aliquis
252 267 330 332 dicet,
350 266 440 322 Nostri
453 265 510 340 lege
519 264 588 321 culto
598 267 718 342 magistu

92 343 226 408 carmina,
247 342 309 415 quis
318 350 406 414 partes
416 341 526 396 instruit
534 340 579 395 ille
587 341 668 397 duae:

53 417 120 473 deve
130 418 216 472 tribus
226 416 316 482 libris,
337 415 431 472 titulus
443 433 512 488 quos
522 416 611 490 signat
619 418 758 485 Amorum,

90 491 173 567 elige,
193 489 266 565 quo'd
275 490 353 547 docili
365 490 479 547 molliter
488 508 533 546 ore
543 489 628 565 legas:

53 566 96 622 vel
106 567 156 622 tihi
166 568 310 639 oomposita
320 575 439 622 cantetur
449 565 566 639 Epistola
576 584 650 622 voce.
815 576 853 623 elo

90 643 217 717 Ignotum
227 643 277 698 hoe
286 641 346 698 aliis
356 640 401 698 ille
410 641 519 698 novavit
527 659 606 714 opus.

53 716 138 783 oie,
160 717 278 782 Phoebe,
300 716 382 787 velis3
402 717 505 783 iuves,
523 717 803 790 pienuminavatum,

91 791 210 866 insignis
221 809 304 848 eornu
315 792 430 861 Bacche,
451 810 602 866 novemque
611 792 689 848 deae!

54 866 121 936 Quis
131 867 248 932 dubitet,
270 867 338 940 quin
351 867 509 923 eoirevelim
519 867 756 941 saltarepuellam3

91 951 123 998 ul
132 951 237 998 moveat
247 943 332 1014 posito
343 942 452 999 brachia
465 943 538 998 iussa
549 942 640 999 mero?
816 956 853 998 353

54 1017 175 1074 Artifices
186 1017 289 1083 lateris,
310 1035 403 1073 scenae
412 1017 561 1089 spectacula
572 1027 708 1074 amentur:

90 1100 197 1149 tantum
206 1092 340 1149 mobilitas
350 1092 394 1147 illa
405 1092 506 1147 deceris
515 1092 604 1148 hebet.

53 1170 138 1224 Parve
148 1185 256 1224 mouere
263 1167 359 1239 pudet:
380 1166 494 1222 telorum
503 1167 598 1223 ducere
607 1167 691 1229 iaetus

91 1251 122 1300 ut
132 1244 208 1308 sciet,
229 1251 255 1298 et
263 1243 343 1309 vires,
363 1243 563 1309 tesseramisse‚
579 1252 651 1298 tuas:

53 1328 79 1376 et
87 1317 169 1375 modo
181 1325 234 1373 tres
244 1318 320 1374 iactet
330 1336 469 1374 numeros:
492 1318 570 1374 modo
578 1319 687 1393 cogitet,
709 1327 768 1391 apte
816 1330 853 1374 355

91 1412 176 1468 quam
185 1393 279 1449 subeat
288 1402 390 1466 perlem
400 1392 494 1449 callida
503 1438 518 1471 ,ι
530 1411 667 1466 quemque
676 1404 759 1450 vocet.

54 1472 193 1542 Cautaque
204 1487 257 1526 nou
270 1467 350 1523 stulte
360 1468 493 1525 latronum
504 1468 602 1540 proelia
613 1469 699 1524 ludat:

91 1562 166 1602 unus
176 1562 262 1618 quum
272 1543 380 1618 gemino
389 1543 508 1599 calculus
523 1543 598 1599 hoste
607 1544 684 1616 perit.

55 1621 221 1692 Bellatorque
230 1636 280 1675 suo
289 1637 404 1692 prensus
413 1619 472 1675 sine
484 1636 606 1690 compare
619 1618 711 1688 bellet3
814 1624 818 1635 '

92 1695 216 1752 aemulus
226 1702 252 1751 et
260 1702 385 1767 coeptum<
393 1712 471 1766 saepe
480 1702 596 1750 recurrat
607 1695 663 1750 iter.
816 1706 854 1749 353
896 1749 900 1757 ,

54 1770 228 1844 Reticuloque
237 1769 307 1843 pilae
319 1769 390 1826 leves
399 1768 546 1826 fundantur
555 1778 659 1843 aperto:

92 1863 151 1912 nec,
171 1845 223 1901 nisi
234 1864 316 1919 quam
330 1844 417 1910 tolles,
438 1844 493 1901 ulla
504 1845 633 1901 movenda
646 1844 700 1917 pila
711 1853 760 1900 est.

54 1925 102 1978 list
112 1938 199 1996 genus
209 1921 237 1976 in
247 1920 356 1977 totidem
369 1920 442 1975 tenui
453 1920 553 1975 ratione
563 1919 695 1975 redactum

92 1993 235 2067 scopula,
256 2004 321 2068 quot
331 2012 438 2053 menses
448 1994 568 2050 lubricus
578 2013 665 2050 annus
678 1996 765 2052 hahet.

55 2074 139 2128 Parva
150 2070 243 2127 tabella
254 2071 324 2143 capit
333 2079 422 2127 ternos
436 2069 571 2142 utrimque
583 2070 700 2142 lapillos;
744 2137 747 2143 ,
815 2084 854 2126 355

92 2148 121 2202 in
155 2163 188 2201 ua
201 2146 354 2213 vicisseest,
374 2146 544 2202 continuasse
556 2165 629 2202 suos.

55 2221 129 2278 Mille
135 2164 237 2276 incesse
248 2221 327 2277 iocos.
348 2223 437 2293 Turpe
449 2229 489 2276 est
498 2222 599 2277 nescire
608 2221 724 2294 puellam

93 2296 198 2352 ludere:
220 2295 336 2352 ludendo
345 2314 423 2370 saepe
432 2306 541 2368 peretur
551 2315 633 2352 emor.

55 2372 107 2428 Sed
118 2371 249 2427 minimus
260 2371 333 2426 leber
342 2380 391 2438 est,
411 2372 543 2445 sapienter
554 2372 666 2427 iactibus
675 2370 729 2426 uti:

92 2449 269 2520 maiusopus‚
290 2464 376 2502 mores
386 2448 650 2519 oomposuissesuos.
816 2457 854 2502 353

56 2524 133 2578 Tunc
142 2539 239 2577 sumus
250 2522 359 2588 incauti,
378 2523 522 2596 studioque
532 2523 667 2593 aperimur
677 2520 705 2575 in
716 2520 790 2593 ipsoq

94 2597 222 2668 nudaque
229 2614 277 2668 per
288 2597 364 2654 lusus
377 2605 484 2672 pectore
496 2604 705 2672 nostreqeteut.

49 2673 93 2727 Ire
101 2672 183 2738 subit,
206 2670 326 2733 deforme
337 2675 461 2749 malum,
481 2676 617 2754 lucrique
629 2671 755 2750 euqixom
