1868 2962
235 151 400 199 AMORUM
418 154 490 200 LIB.
504 155 537 200 11.
557 156 613 201 EL.
629 155 652 201 2.
768 149 817 202 l5'i

105 251 237 308 Conscius
247 271 304 308 esse
313 252 409 308 times‘l
427 253 596 308 dissimulare
607 253 675 309 licet.

68 328 170 400 Scripta
182 327 250 402 leget
260 345 366 384 secum:
388 337 499 383 matrem
511 329 648 399 scripsisse
658 339 757 402 putato.

106 403 232 458 Veneriti
252 413 344 470 notus,
365 404 504 477 postmodo
515 413 593 459 notus
603 412 652 460 eat.

68 479 133 545 Ibit,
156 421 339 545 utadffictam,
360 497 429 552 quae
440 499 492 535 non
504 478 655 554 languebit,
676 483 787 537 amicam

105 554 191 622 visat3
213 553 319 609 iudiciis
330 573 407 630 aegra
417 555 453 610 sit
464 555 507 609 illa
520 556 583 610 tuis.

68 629 96 684 Si
106 628 186 684 faciet
196 629 283 695 tarde,
304 638 371 686 nete
381 648 454 686 mora
466 630 543 705 longa
555 629 654 704 fatiget,

106 704 232 776 imposita
241 706 344 778 gremio
354 714 461 761 stertere
475 706 559 761 fronte
568 715 651 777 potes.

68 781 122 835 Nec
132 786 177 846 tu,
200 778 339 854 linigeram
350 781 406 836 fieri
419 781 485 853 quid
495 781 579 853 pinsit
588 781 621 836 ad
631 782 695 847 Isin,
847 797 872 839 25

106 854 270 928 quaesieris:
292 874 340 912 nec
349 865 378 911 tu
389 874 470 911 curva
481 858 580 911 theatra
592 857 664 911 time.

70 930 201 986 Conscius
211 930 333 987 assiduos
345 932 481 987 commissi
493 931 565 986 tollet
574 932 696 988 honores.

107 1005 176 1073 Quis
185 1007 274 1062 minor
282 1015 322 1061 est
334 1015 437 1072 autem,
459 1025 540 1080 quam
552 1008 679 1073 tacuisse,
702 1008 793 1064 labor?

69 1080 116 1136 Ille
127 1080 222 1153 placet,
230 1090 370 1155 versatque
380 1082 500 1147 domum,
509 1100 594 1154 neque
605 1084 712 1138 verbera
723 1086 814 1139 sentit:

107 1155 154 1211 ille
162 1164 270 1229 potens:
292 1157 352 1222 alii,
372 1157 580 1223 sordidaturba,
602 1158 695 1214 iacent.
848 1172 872 1214 30

70 1232 152 1298 Huic,
176 1250 251 1287 verne
263 1241 293 1288 ut
304 1232 400 1288 lateant
409 1250 531 1299 caussae,
552 1234 692 1308 linguntur
702 1236 806 1290 inanes:

107 1315 189 1379 atque
199 1307 278 1364 ambo
287 1308 404 1374 domini,
425 1308 679 1382 quodprobatuna,
700 1311 821 1381 probant.

70 1381 162 1450 Quum
173 1383 241 1438 bene
250 1383 292 1438 vir
302 1384 382 1438 traxit
392 1383 511 1450 vultum,
533 1402 668 1459 rugasque
676 1387 775 1460 megin

108 1457 183 1535 quqd
192 1457 277 1515 voluit
286 1459 342 1513 lieri
356 1458 453 1513 blanda
464 1459 566 1530 puella,
587 1458 658 1513 lacit.

70 1533 122 1589 Sed
136 1541 225 1589 tamen
236 1535 372 1590 interdum
382 1542 468 1588 tecum
479 1551 588 1606 quoque
598 1533 685 1607 iurgia
696 1542 790 1602 nectat,
849 1549 874 1591 35

108 1617 135 1664 et
146 1608 268 1664 lacrimas
278 1608 400 1674 simulet,
421 1609 627 1681 carnificemque
637 1616 719 1665 vocet.

70 1687 112 1740 Tu
122 1685 347 1751 contraobiicies,
368 1702 437 1757 quae
449 1693 503 1742 tuto
513 1684 598 1740 diluat
608 1683 663 1741 illa.

109 1761 140 1815 ln
151 1777 228 1826 vero,
250 1759 316 1817 lalso
326 1760 524 1816 criminedeme
534 1761 625 1816 fidem.

70 1834 116 1890 Sic
126 1835 174 1890 tibi
185 1852 289 1907 semper
297 1836 396 1902 honos,
416 1837 456 1890 sic
465 1836 516 1891 alta
525 1835 629 1907 peculia
639 1845 769 1896 crescent:

109 1909 254 1977 haeclace,
275 1919 301 1965 et
310 1912 408 1986 exiguo
417 1919 534 1984 tempore
544 1911 611 1966 liber
620 1913 682 1968 eris.
848 1922 873 1968 tu

79 1984 198 2057 suspicis
208 1985 342 2042 indicibus
353 2005 435 2043 nexas
445 2005 492 2058 per
500 1986 566 2042 colla
577 1996 695 2044 catenas:

110 2060 252 2134 squalidus
261 2063 326 2119 orba
336 2063 388 2119 fule
397 2071 501 2136 pectora
509 2080 598 2118 carcer
607 2063 695 2119 habet,

87 2137 274 2211 luaeritaquas
284 2139 312 2194 in
323 2139 415 2212 aquis,
436 2147 462 2194 et
471 2156 550 2211 poma
560 2137 663 2212 fugacia
673 2146 761 2211 captat

109 2211 254 2270 Tantalus:
275 2214 325 2269 hoc
334 2214 374 2269 illi
383 2213 491 2288 garrula
502 2213 594 2287 lingua
604 2212 685 2268 dedit.

98 2304 143 2344 um
154 2287 269 2344 nimium
280 2296 367 2344 servat
376 2296 465 2345 custos
475 2289 603 2344 Iunonius
614 2289 650 2353 10,
850 2296 874 2342 ts

111 2370 172 2418 ante
181 2380 245 2418 suos
255 2381 340 2419 annos
349 2363 456 2429 occidit;
478 2363 523 2419 illa
533 2362 582 2418 dea
592 2369 640 2418 est.

108 2437 135 2492 di
180 2438 378 2510 ocompedibus
388 2438 496 2496 liventia
507 2457 584 2495 crura
593 2443 739 2512 gerentem,

112 2530 150 2569 un
169 2513 237 2569 avir
246 2513 377 2570 incestum
386 2514 567 2570 ueirccoactus
578 2519 642 2566 erat.

117 2605 161 2645 ena
170 2589 259 2644 minor
267 2596 369 2646 mento.
398 2589 496 2647 Nocuit
509 2587 582 2647 mala
589 2585 692 2664 lingua
700 2584 824 2643 nunnus.

121 2661 260 2730 ''irdoluit;
280 2662 368 2724 umas
377 2666 481 2728 damna
491 2667 589 2745 puella
598 2665 680 2725 tulit.
