<?xml version="1.0" encoding="UTF-8"?>
<!DOCTYPE html PUBLIC "-//W3C//DTD XHTML 1.0 Transitional//EN"
    "http://www.w3.org/TR/xhtml1/DTD/xhtml1-transitional.dtd">
<html xmlns="http://www.w3.org/1999/xhtml" xml:lang="en" lang="en">
 <head>
  <title>
</title>
<meta http-equiv="Content-Type" content="text/html;charset=utf-8" />
  <meta name='ocr-system' content='tesseract 3.04.00' />
  <meta name='ocr-capabilities' content='ocr_page ocr_carea ocr_par ocr_line ocrx_word'/>
</head>
<body>
  <div class='ocr_page' id='page_1' title='image "./operaomnia01ovidgoog/operaomnia01ovidgoog_0343.png"; bbox 0 0 1874 3030; ppageno 0'>
   <div class='ocr_carea' id='block_1_1' title="bbox 125 169 730 226">
    <p class='ocr_par' dir='ltr' id='par_1_1' title="bbox 125 169 730 226">
     <span class='ocr_line' id='line_1_1' title="bbox 125 169 730 226; baseline -0.008 0"><span class='ocrx_word' id='word_1_1' title='bbox 125 169 174 226; x_wconf 61' lang='grc'><strong>346</strong></span> <span class='ocrx_word' id='word_1_2' title='bbox 259 173 506 221; x_wconf 76' lang='grc' dir='ltr'><strong>ΒΕΜΟΡΗΟΟΝ</strong></span> <span class='ocrx_word' id='word_1_3' title='bbox 529 173 730 222; x_wconf 79' lang='lat' dir='ltr'><strong>PHYLLIDI.</strong></span> 
     </span>
    </p>
   </div>
   <div class='ocr_carea' id='block_1_2' title="bbox 23 273 801 499">
    <p class='ocr_par' dir='ltr' id='par_1_2' title="bbox 23 273 801 499">
     <span class='ocr_line' id='line_1_2' title="bbox 124 273 779 346; baseline -0.006 -12"><span class='ocrx_word' id='word_1_4' title='bbox 124 278 160 333; x_wconf 87' lang='lat' dir='ltr'><strong>Et</strong></span> <span class='ocrx_word' id='word_1_5' title='bbox 168 274 243 340; x_wconf 83' lang='lat' dir='ltr'><strong>flevi,</strong></span> <span class='ocrx_word' id='word_1_6' title='bbox 262 281 289 330; x_wconf 88' lang='lat' dir='ltr'><strong>et</strong></span> <span class='ocrx_word' id='word_1_7' title='bbox 298 273 404 331; x_wconf 77' lang='lat' dir='ltr'><strong>flentem</strong></span> <span class='ocrx_word' id='word_1_8' title='bbox 414 273 525 330; x_wconf 81' lang='lat' dir='ltr'><strong>solando</strong></span> <span class='ocrx_word' id='word_1_9' title='bbox 536 291 629 346; x_wconf 78' lang='lat' dir='ltr'><strong>saepe,</strong></span> <span class='ocrx_word' id='word_1_10' title='bbox 650 273 779 340; x_wconf 78' lang='lat' dir='ltr'><strong>remensi,</strong></span> 
     </span>
     <span class='ocr_line' id='line_1_3' title="bbox 161 349 749 424; baseline -0.003 -18"><span class='ocrx_word' id='word_1_11' title='bbox 161 367 248 424; x_wconf 89' lang='lat' dir='ltr'><strong>quum</strong></span> <span class='ocrx_word' id='word_1_12' title='bbox 258 358 340 406; x_wconf 81' lang='lat' dir='ltr'><strong>staret</strong></span> <span class='ocrx_word' id='word_1_13' title='bbox 348 367 444 405; x_wconf 84' lang='lat' dir='ltr'><strong>cursus</strong></span> <span class='ocrx_word' id='word_1_14' title='bbox 455 351 509 405; x_wconf 80' lang='lat' dir='ltr'><strong>ium</strong></span> <span class='ocrx_word' id='word_1_15' title='bbox 519 349 586 404; x_wconf 89' lang='lat' dir='ltr'><strong>mihi</strong></span> <span class='ocrx_word' id='word_1_16' title='bbox 595 356 666 404; x_wconf 82' lang='lat' dir='ltr'><strong>certa</strong></span> <span class='ocrx_word' id='word_1_17' title='bbox 680 349 749 404; x_wconf 85' lang='lat' dir='ltr'><strong>dies.</strong></span> 
     </span>
     <span class='ocr_line' id='line_1_4' title="bbox 23 423 801 499; baseline -0.005 -17"><span class='ocrx_word' id='word_1_18' title='bbox 23 470 30 491; x_wconf 82' lang='grc'>,</span> <span class='ocrx_word' id='word_1_19' title='bbox 72 435 96 482; x_wconf 78' lang='lat' dir='ltr'><strong>lt</strong></span> <span class='ocrx_word' id='word_1_20' title='bbox 125 426 245 499; x_wconf 86' lang='lat' dir='ltr'><strong>Denique</strong></span> <span class='ocrx_word' id='word_1_21' title='bbox 254 425 375 481; x_wconf 81' lang='lat' dir='ltr'><strong>Threicia</strong></span> <span class='ocrx_word' id='word_1_22' title='bbox 387 426 448 480; x_wconf 88' lang='lat' dir='ltr'><strong>veni</strong></span> <span class='ocrx_word' id='word_1_23' title='bbox 459 433 523 480; x_wconf 83' lang='lat' dir='ltr'><strong>rote.</strong></span> <span class='ocrx_word' id='word_1_24' title='bbox 552 423 686 480; x_wconf 82' lang='lat' dir='ltr'><strong>Noudare</strong></span> <span class='ocrx_word' id='word_1_25' title='bbox 694 423 801 499; x_wconf 75' lang='lat' dir='ltr'><strong>Phyllis</strong></span> 
     </span>
    </p>
   </div>
   <div class='ocr_carea' id='block_1_3' title="bbox 31 499 895 2750">
    <p class='ocr_par' dir='ltr' id='par_1_3' title="bbox 31 499 895 2750">
     <span class='ocr_line' id='line_1_5' title="bbox 163 499 719 573; baseline -0.002 -17"><span class='ocrx_word' id='word_1_26' title='bbox 163 518 246 573; x_wconf 81' lang='lat' dir='ltr'><strong>quam</strong></span> <span class='ocrx_word' id='word_1_27' title='bbox 255 504 356 572; x_wconf 90' lang='lat' dir='ltr'><strong>potuit,</strong></span> <span class='ocrx_word' id='word_1_28' title='bbox 377 500 456 556; x_wconf 85' lang='lat' dir='ltr'><strong>iussit</strong></span> <span class='ocrx_word' id='word_1_29' title='bbox 466 499 568 555; x_wconf 78' lang='lat' dir='ltr'><strong>tordius</strong></span> <span class='ocrx_word' id='word_1_30' title='bbox 577 499 719 555; x_wconf 68' lang='lat' dir='ltr'><strong>iteratum.</strong></span> 
     </span>
     <span class='ocr_line' id='line_1_6' title="bbox 126 573 764 650; baseline -0.003 -20"><span class='ocrx_word' id='word_1_31' title='bbox 126 577 237 650; x_wconf 81' lang='lat' dir='ltr'><strong>Ignosce</strong></span> <span class='ocrx_word' id='word_1_32' title='bbox 244 584 271 631; x_wconf 89' lang='lat' dir='ltr'><strong>et</strong></span> <span class='ocrx_word' id='word_1_33' title='bbox 282 575 366 632; x_wconf 80' lang='lat' dir='ltr'><strong>iusso:</strong></span> <span class='ocrx_word' id='word_1_34' title='bbox 386 592 526 631; x_wconf 76' lang='lat' dir='ltr'><strong>memores</strong></span> <span class='ocrx_word' id='word_1_35' title='bbox 538 573 684 630; x_wconf 86' lang='lat' dir='ltr'><strong>Minoidos:</strong></span> <span class='ocrx_word' id='word_1_36' title='bbox 705 574 764 648; x_wconf 84' lang='lat' dir='ltr'><strong>ipse</strong></span> 
     </span>
     <span class='ocr_line' id='line_1_7' title="bbox 61 649 724 723; baseline 0.005 -21"><span class='ocrx_word' id='word_1_37' title='bbox 61 697 64 702; x_wconf 91' lang='lat'>.</span> <span class='ocrx_word' id='word_1_38' title='bbox 166 651 295 723; x_wconf 77' lang='lat' dir='ltr'><strong>antiquus</strong></span> <span class='ocrx_word' id='word_1_39' title='bbox 306 649 419 706; x_wconf 86' lang='lat' dir='ltr'><strong>necdum</strong></span> <span class='ocrx_word' id='word_1_40' title='bbox 430 658 534 722; x_wconf 79' lang='lat' dir='ltr'>pectore</span> <span class='ocrx_word' id='word_1_41' title='bbox 543 650 623 703; x_wconf 84' lang='lat' dir='ltr'><strong>cessit</strong></span> <span class='ocrx_word' id='word_1_42' title='bbox 628 667 724 705; x_wconf 82' lang='lat' dir='ltr'><strong>umor:</strong></span> 
     </span>
     <span class='ocr_line' id='line_1_8' title="bbox 128 723 835 798; baseline -0.001 -18"><span class='ocrx_word' id='word_1_43' title='bbox 128 733 154 780; x_wconf 88' lang='lat' dir='ltr'><strong>ct</strong></span> <span class='ocrx_word' id='word_1_44' title='bbox 163 726 267 798; x_wconf 87' lang='lat' dir='ltr'><strong>quoties</strong></span> <span class='ocrx_word' id='word_1_45' title='bbox 276 726 361 781; x_wconf 86' lang='lat' dir='ltr'><strong>oculis</strong></span> <span class='ocrx_word' id='word_1_46' title='bbox 370 725 517 782; x_wconf 78' lang='lat' dir='ltr'><strong>circumdat</strong></span> <span class='ocrx_word' id='word_1_47' title='bbox 527 723 622 789; x_wconf 80' lang='lat' dir='ltr'><strong>sidero,</strong></span> <span class='ocrx_word' id='word_1_48' title='bbox 643 723 722 791; x_wconf 82' lang='lat' dir='ltr'><strong>dixit,</strong></span> <span class='ocrx_word' id='word_1_49' title='bbox 829 780 835 788; x_wconf 71' lang='grc'><strong>,</strong></span> 
     </span>
     <span class='ocr_line' id='line_1_9' title="bbox 31 797 711 875; baseline -0.003 -19"><span class='ocrx_word' id='word_1_50' title='bbox 31 815 33 821; x_wconf 82' lang='grc'><strong>’</strong></span> <span class='ocrx_word' id='word_1_51' title='bbox 76 813 101 856; x_wconf 79' lang='grc' dir='ltr'><strong>5ο</strong></span> <span class='ocrx_word' id='word_1_52' title='bbox 166 800 241 868; x_wconf 89' lang='lat' dir='ltr'><strong>Quae</strong></span> <span class='ocrx_word' id='word_1_53' title='bbox 251 799 334 875; x_wconf 78' lang='lat' dir='ltr'><strong>fulget</strong></span> <span class='ocrx_word' id='word_1_54' title='bbox 343 799 426 863; x_wconf 79' lang='lat' dir='ltr'><strong>coelo.</strong></span> <span class='ocrx_word' id='word_1_55' title='bbox 449 809 538 872; x_wconf 82' lang='lat' dir='ltr'><strong>nostru</strong></span> <span class='ocrx_word' id='word_1_56' title='bbox 549 797 638 871; x_wconf 81' lang='lat' dir='ltr'><strong>puella</strong></span> <span class='ocrx_word' id='word_1_57' title='bbox 650 797 711 854; x_wconf 83' lang='lat' dir='ltr'><strong>luit.</strong></span> 
     </span>
     <span class='ocr_line' id='line_1_10' title="bbox 118 872 694 931; baseline -0.003 -1"><span class='ocrx_word' id='word_1_58' title='bbox 118 874 209 931; x_wconf 57' lang='lat' dir='ltr'><strong>‘lllum</strong></span> <span class='ocrx_word' id='word_1_59' title='bbox 218 875 312 930; x_wconf 85' lang='lat' dir='ltr'><strong>dilecta</strong></span> <span class='ocrx_word' id='word_1_60' title='bbox 322 876 440 930; x_wconf 79' lang='lat' dir='ltr'><strong>Bacchus</strong></span> <span class='ocrx_word' id='word_1_61' title='bbox 450 872 502 930; x_wconf 89' lang='lat' dir='ltr'><strong>sibl</strong></span> <span class='ocrx_word' id='word_1_62' title='bbox 514 873 605 928; x_wconf 87' lang='lat' dir='ltr'><strong>cedere</strong></span> <span class='ocrx_word' id='word_1_63' title='bbox 614 873 694 929; x_wconf 82' lang='lat' dir='ltr'><strong>iussit</strong></span> 
     </span>
     <span class='ocr_line' id='line_1_11' title="bbox 166 947 733 1024; baseline -0.007 -17"><span class='ocrx_word' id='word_1_64' title='bbox 166 951 295 1024; x_wconf 82' lang='lat' dir='ltr'><strong>coniuge:</strong></span> <span class='ocrx_word' id='word_1_65' title='bbox 315 949 432 1004; x_wconf 79' lang='lat' dir='ltr'>desertae</span> <span class='ocrx_word' id='word_1_66' title='bbox 441 951 542 1003; x_wconf 87' lang='lat' dir='ltr'>crimen</span> <span class='ocrx_word' id='word_1_67' title='bbox 552 957 579 1003; x_wconf 83' lang='lat' dir='ltr'><strong>at</strong></span> <span class='ocrx_word' id='word_1_68' title='bbox 592 947 637 1003; x_wconf 89' lang='lat' dir='ltr'><strong>ille</strong></span> <span class='ocrx_word' id='word_1_69' title='bbox 648 949 733 1017; x_wconf 73' lang='lat' dir='ltr'><strong>subit,</strong></span> 
     </span>
     <span class='ocr_line' id='line_1_12' title="bbox 130 1023 743 1098; baseline -0.005 -16"><span class='ocrx_word' id='word_1_70' title='bbox 130 1024 314 1097; x_wconf 82' lang='lat' dir='ltr'>Exemploque</span> <span class='ocrx_word' id='word_1_71' title='bbox 324 1025 406 1098; x_wconf 83' lang='lat' dir='ltr'><strong>patris</strong></span> <span class='ocrx_word' id='word_1_72' title='bbox 416 1024 539 1096; x_wconf 80' lang='lat' dir='ltr'><strong>periurus</strong></span> <span class='ocrx_word' id='word_1_73' title='bbox 551 1023 625 1078; x_wconf 83' lang='lat' dir='ltr'><strong>dicor</strong></span> <span class='ocrx_word' id='word_1_74' title='bbox 633 1031 659 1078; x_wconf 86' lang='lat' dir='ltr'><strong>et</strong></span> <span class='ocrx_word' id='word_1_75' title='bbox 669 1024 743 1095; x_wconf 83' lang='lat' dir='ltr'><strong>ipse:</strong></span> 
     </span>
     <span class='ocr_line' id='line_1_13' title="bbox 137 1097 804 1172; baseline -0.006 -16"><span class='ocrx_word' id='word_1_76' title='bbox 137 1135 141 1141; x_wconf 97' lang='lat'>-</span> <span class='ocrx_word' id='word_1_77' title='bbox 169 1115 218 1156; x_wconf 87' lang='lat' dir='ltr'><strong>uec</strong></span> <span class='ocrx_word' id='word_1_78' title='bbox 226 1101 334 1172; x_wconf 82' lang='lat' dir='ltr'><strong>quoeris</strong></span> <span class='ocrx_word' id='word_1_79' title='bbox 342 1116 466 1164; x_wconf 84' lang='lat' dir='ltr'><strong>caussas,</strong></span> <span class='ocrx_word' id='word_1_80' title='bbox 486 1097 677 1166; x_wconf 83' lang='lat' dir='ltr'><strong>Sithouiduru,</strong></span> <span class='ocrx_word' id='word_1_81' title='bbox 697 1114 804 1155; x_wconf 77' lang='lat' dir='ltr'><strong>morae:</strong></span> 
     </span>
     <span class='ocr_line' id='line_1_14' title="bbox 80 1173 798 1247; baseline -0.004 -16"><span class='ocrx_word' id='word_1_82' title='bbox 80 1190 105 1231; x_wconf 79' lang='lat'><strong>55</strong></span> <span class='ocrx_word' id='word_1_83' title='bbox 135 1192 183 1231; x_wconf 86' lang='lat' dir='ltr'><strong>nec</strong></span> <span class='ocrx_word' id='word_1_84' title='bbox 193 1175 356 1247; x_wconf 81' lang='lat' dir='ltr'><strong>satisumplo</strong></span> <span class='ocrx_word' id='word_1_85' title='bbox 368 1183 445 1245; x_wconf 76' lang='lat' dir='ltr'><strong>putas</strong></span> <span class='ocrx_word' id='word_1_86' title='bbox 455 1173 564 1229; x_wconf 78' lang='lat' dir='ltr'><strong>redituri</strong></span> <span class='ocrx_word' id='word_1_87' title='bbox 574 1173 695 1247; x_wconf 79' lang='lat' dir='ltr'><strong>pignore,</strong></span> <span class='ocrx_word' id='word_1_88' title='bbox 717 1175 798 1228; x_wconf 86' lang='lat' dir='ltr'><strong>sime</strong></span> 
     </span>
     <span class='ocr_line' id='line_1_15' title="bbox 169 1247 838 1312; baseline -0.004 -6"><span class='ocrx_word' id='word_1_89' title='bbox 169 1268 222 1306; x_wconf 90' lang='lat' dir='ltr'><strong>nou</strong></span> <span class='ocrx_word' id='word_1_90' title='bbox 233 1267 308 1306; x_wconf 82' lang='lat' dir='ltr'><strong>amor</strong></span> <span class='ocrx_word' id='word_1_91' title='bbox 316 1250 435 1312; x_wconf 80' lang='lat' dir='ltr'><strong>ulterius,</strong></span> <span class='ocrx_word' id='word_1_92' title='bbox 456 1267 508 1305; x_wconf 86' lang='lat' dir='ltr'><strong>uon</strong></span> <span class='ocrx_word' id='word_1_93' title='bbox 520 1265 594 1303; x_wconf 82' lang='lat' dir='ltr'><strong>umor</strong></span> <span class='ocrx_word' id='word_1_94' title='bbox 602 1248 675 1304; x_wconf 86' lang='lat' dir='ltr'><strong>ullus</strong></span> <span class='ocrx_word' id='word_1_95' title='bbox 686 1247 776 1304; x_wconf 81' lang='lat' dir='ltr'>hebet.</span> <span class='ocrx_word' id='word_1_96' title='bbox 836 1276 838 1281; x_wconf 95' lang='lat'>·</span> 
     </span>
     <span class='ocr_line' id='line_1_16' title="bbox 132 1323 785 1398; baseline -0.005 -18"><span class='ocrx_word' id='word_1_97' title='bbox 132 1324 247 1380; x_wconf 85' lang='lat' dir='ltr'><strong>Nullane</strong></span> <span class='ocrx_word' id='word_1_98' title='bbox 257 1323 326 1379; x_wconf 80' lang='lat' dir='ltr'><strong>famu</strong></span> <span class='ocrx_word' id='word_1_99' title='bbox 336 1325 384 1381; x_wconf 89' lang='lat' dir='ltr'><strong>ubi</strong></span> <span class='ocrx_word' id='word_1_100' title='bbox 395 1324 529 1386; x_wconf 78' lang='lat' dir='ltr'><strong>turbatos.</strong></span> <span class='ocrx_word' id='word_1_101' title='bbox 551 1323 654 1398; x_wconf 85' lang='lat' dir='ltr'><strong>Phylli,</strong></span> <span class='ocrx_word' id='word_1_102' title='bbox 676 1331 785 1394; x_wconf 78' lang='lat' dir='ltr'><strong>penates</strong></span> 
     </span>
     <span class='ocr_line' id='line_1_17' title="bbox 169 1396 757 1463; baseline -0.005 -8"><span class='ocrx_word' id='word_1_103' title='bbox 169 1399 295 1463; x_wconf 78' lang='lat' dir='ltr'><strong>Theseos.</strong></span> <span class='ocrx_word' id='word_1_104' title='bbox 316 1408 342 1455; x_wconf 91' lang='lat' dir='ltr'><strong>et</strong></span> <span class='ocrx_word' id='word_1_105' title='bbox 354 1400 465 1454; x_wconf 80' lang='lat' dir='ltr'><strong>miserae</strong></span> <span class='ocrx_word' id='word_1_106' title='bbox 474 1397 564 1453; x_wconf 81' lang='lat' dir='ltr'><strong>retulit</strong></span> <span class='ocrx_word' id='word_1_107' title='bbox 573 1406 630 1454; x_wconf 74' lang='lat' dir='ltr'><strong>acto</strong></span> <span class='ocrx_word' id='word_1_108' title='bbox 638 1396 757 1453; x_wconf 86' lang='lat' dir='ltr'><strong>domus‘l</strong></span> 
     </span>
     <span class='ocr_line' id='line_1_18' title="bbox 133 1471 733 1547; baseline -0.003 -17"><span class='ocrx_word' id='word_1_109' title='bbox 133 1476 193 1531; x_wconf 88' lang='lat' dir='ltr'><strong>Nou</strong></span> <span class='ocrx_word' id='word_1_110' title='bbox 204 1474 312 1547; x_wconf 81' lang='lat' dir='ltr'><strong>laqueos</strong></span> <span class='ocrx_word' id='word_1_111' title='bbox 321 1474 399 1530; x_wconf 79' lang='lat' dir='ltr'><strong>cudis</strong></span> <span class='ocrx_word' id='word_1_112' title='bbox 408 1475 461 1530; x_wconf 80' lang='lat' dir='ltr'><strong>caci</strong></span> <span class='ocrx_word' id='word_1_113' title='bbox 474 1491 515 1528; x_wconf 89' lang='lat' dir='ltr'><strong>me</strong></span> <span class='ocrx_word' id='word_1_114' title='bbox 526 1472 586 1528; x_wconf 85' lang='lat' dir='ltr'><strong>llere</strong></span> <span class='ocrx_word' id='word_1_115' title='bbox 596 1471 733 1545; x_wconf 74' lang='lat' dir='ltr'><strong>parentis?</strong></span> 
     </span>
     <span class='ocr_line' id='line_1_19' title="bbox 81 1547 815 1622; baseline -0.004 -16"><span class='ocrx_word' id='word_1_116' title='bbox 81 1564 105 1606; x_wconf 80' lang='lat' dir='ltr'><strong>tu</strong></span> <span class='ocrx_word' id='word_1_117' title='bbox 172 1550 297 1606; x_wconf 80' lang='lat' dir='ltr'><strong>Flebilior</strong></span> <span class='ocrx_word' id='word_1_118' title='bbox 307 1550 419 1622; x_wconf 84' lang='lat' dir='ltr'><strong>laqueis,</strong></span> <span class='ocrx_word' id='word_1_119' title='bbox 440 1549 491 1604; x_wconf 85' lang='lat' dir='ltr'><strong>heu</strong></span> <span class='ocrx_word' id='word_1_120' title='bbox 503 1548 585 1603; x_wconf 86' lang='lat' dir='ltr'><strong>mihil</strong></span> <span class='ocrx_word' id='word_1_121' title='bbox 606 1565 701 1604; x_wconf 77' lang='lat' dir='ltr'><strong>caussa</strong></span> <span class='ocrx_word' id='word_1_122' title='bbox 711 1547 815 1604; x_wconf 81' lang='lat' dir='ltr'><strong>subest.</strong></span> 
     </span>
     <span class='ocr_line' id='line_1_20' title="bbox 134 1622 860 1698; baseline -0.007 -18"><span class='ocrx_word' id='word_1_123' title='bbox 134 1626 193 1680; x_wconf 92' lang='lat' dir='ltr'><strong>Nou</strong></span> <span class='ocrx_word' id='word_1_124' title='bbox 204 1623 310 1680; x_wconf 76' lang='lat' dir='ltr'><strong>fratrem</strong></span> <span class='ocrx_word' id='word_1_125' title='bbox 322 1623 514 1698; x_wconf 71' lang='lat' dir='ltr'><strong>Hippolytum?</strong></span> <span class='ocrx_word' id='word_1_126' title='bbox 533 1623 633 1679; x_wconf 76' lang='lat' dir='ltr'><strong>Cecidit</strong></span> <span class='ocrx_word' id='word_1_127' title='bbox 641 1622 805 1679; x_wconf 79' lang='lat' dir='ltr'><strong>miserabilis</strong></span> <span class='ocrx_word' id='word_1_128' title='bbox 815 1623 860 1685; x_wconf 86' lang='lat' dir='ltr'><strong>illo</strong></span> 
     </span>
     <span class='ocr_line' id='line_1_21' title="bbox 172 1698 756 1771; baseline 0.002 -18"><span class='ocrx_word' id='word_1_129' title='bbox 172 1715 296 1770; x_wconf 81' lang='lat' dir='ltr'><strong>praeceps</strong></span> <span class='ocrx_word' id='word_1_130' title='bbox 306 1700 423 1755; x_wconf 80' lang='lat' dir='ltr'><strong>attonitis</strong></span> <span class='ocrx_word' id='word_1_131' title='bbox 433 1717 479 1771; x_wconf 82' lang='lat' dir='ltr'><strong>per</strong></span> <span class='ocrx_word' id='word_1_132' title='bbox 489 1699 552 1754; x_wconf 81' lang='lat' dir='ltr'>frete</span> <span class='ocrx_word' id='word_1_133' title='bbox 564 1706 657 1770; x_wconf 83' lang='lat' dir='ltr'><strong>ruptus</strong></span> <span class='ocrx_word' id='word_1_134' title='bbox 667 1698 756 1771; x_wconf 83' lang='lat' dir='ltr'><strong>equis.</strong></span> 
     </span>
     <span class='ocr_line' id='line_1_22' title="bbox 135 1772 819 1846; baseline -0.003 -17"><span class='ocrx_word' id='word_1_135' title='bbox 135 1775 194 1829; x_wconf 85' lang='lat' dir='ltr'><strong>Non</strong></span> <span class='ocrx_word' id='word_1_136' title='bbox 204 1782 292 1828; x_wconf 79' lang='lat' dir='ltr'><strong>tumen</strong></span> <span class='ocrx_word' id='word_1_137' title='bbox 303 1791 401 1830; x_wconf 85' lang='lat' dir='ltr'><strong>excuso</strong></span> <span class='ocrx_word' id='word_1_138' title='bbox 412 1774 521 1829; x_wconf 83' lang='lat' dir='ltr'><strong>reditus.</strong></span> <span class='ocrx_word' id='word_1_139' title='bbox 553 1774 625 1829; x_wconf 84' lang='lat' dir='ltr'><strong>Licet</strong></span> <span class='ocrx_word' id='word_1_140' title='bbox 634 1772 819 1846; x_wconf 75' lang='lat' dir='ltr'><strong>undiquoiuta</strong></span> 
     </span>
     <span class='ocr_line' id='line_1_23' title="bbox 172 1847 790 1922; baseline 0 -19"><span class='ocrx_word' id='word_1_141' title='bbox 172 1847 341 1905; x_wconf 79' lang='lat' dir='ltr'><strong>accumulent</strong></span> <span class='ocrx_word' id='word_1_142' title='bbox 350 1865 473 1915; x_wconf 77' lang='lat' dir='ltr'><strong>caussas3</strong></span> <span class='ocrx_word' id='word_1_143' title='bbox 494 1858 611 1921; x_wconf 83' lang='lat' dir='ltr'><strong>temporo</strong></span> <span class='ocrx_word' id='word_1_144' title='bbox 622 1865 705 1922; x_wconf 72' lang='lat' dir='ltr'><strong>parvo</strong></span> <span class='ocrx_word' id='word_1_145' title='bbox 718 1856 790 1920; x_wconf 83' lang='lat' dir='ltr'><strong>peto.</strong></span> 
     </span>
     <span class='ocr_line' id='line_1_24' title="bbox 83 1923 882 1996; baseline -0.004 -16"><span class='ocrx_word' id='word_1_146' title='bbox 83 1936 107 1980; x_wconf 80' lang='lat' dir='ltr'><strong>tt</strong></span> <span class='ocrx_word' id='word_1_147' title='bbox 136 1924 245 1989; x_wconf 85' lang='lat' dir='ltr'><strong>Thesea,</strong></span> <span class='ocrx_word' id='word_1_148' title='bbox 260 1923 472 1996; x_wconf 80' lang='lat' dir='ltr'><strong>quodsuperest,</strong></span> <span class='ocrx_word' id='word_1_149' title='bbox 488 1932 588 1995; x_wconf 78' lang='lat' dir='ltr'><strong>patrem</strong></span> <span class='ocrx_word' id='word_1_150' title='bbox 598 1923 799 1979; x_wconf 75' lang='lat' dir='ltr'><strong>tumulabimus</strong></span> <span class='ocrx_word' id='word_1_151' title='bbox 809 1930 882 1980; x_wconf 82' lang='lat' dir='ltr'><strong>auto:</strong></span> 
     </span>
     <span class='ocr_line' id='line_1_25' title="bbox 173 1998 763 2055; baseline 0.002 -2"><span class='ocrx_word' id='word_1_152' title='bbox 173 1999 296 2054; x_wconf 81' lang='lat' dir='ltr'><strong>succedat</strong></span> <span class='ocrx_word' id='word_1_153' title='bbox 304 1998 408 2054; x_wconf 89' lang='lat' dir='ltr'><strong>tumulo</strong></span> <span class='ocrx_word' id='word_1_154' title='bbox 419 2017 470 2054; x_wconf 89' lang='lat' dir='ltr'><strong>non</strong></span> <span class='ocrx_word' id='word_1_155' title='bbox 480 2000 539 2054; x_wconf 84' lang='lat' dir='ltr'><strong>eine</strong></span> <span class='ocrx_word' id='word_1_156' title='bbox 548 1999 646 2055; x_wconf 79' lang='lat' dir='ltr'><strong>honore</strong></span> <span class='ocrx_word' id='word_1_157' title='bbox 655 1999 763 2055; x_wconf 86' lang='lat' dir='ltr'><strong>decens.</strong></span> 
     </span>
     <span class='ocr_line' id='line_1_26' title="bbox 136 2073 884 2146; baseline -0.001 -18"><span class='ocrx_word' id='word_1_158' title='bbox 136 2076 173 2128; x_wconf 84' lang='lat' dir='ltr'><strong>Da</strong></span> <span class='ocrx_word' id='word_1_159' title='bbox 184 2075 301 2146; x_wconf 84' lang='lat' dir='ltr'><strong>spatium</strong></span> <span class='ocrx_word' id='word_1_160' title='bbox 311 2076 480 2145; x_wconf 81' lang='lat' dir='ltr'><strong>veniamque,</strong></span> <span class='ocrx_word' id='word_1_161' title='bbox 491 2083 564 2146; x_wconf 86' lang='lat' dir='ltr'><strong>peto:</strong></span> <span class='ocrx_word' id='word_1_162' title='bbox 579 2091 631 2131; x_wconf 88' lang='lat' dir='ltr'><strong>uon</strong></span> <span class='ocrx_word' id='word_1_163' title='bbox 641 2073 759 2146; x_wconf 81' lang='lat' dir='ltr'><strong>perfidus</strong></span> <span class='ocrx_word' id='word_1_164' title='bbox 771 2074 884 2130; x_wconf 80' lang='lat' dir='ltr'><strong>obsum:</strong></span> 
     </span>
     <span class='ocr_line' id='line_1_27' title="bbox 174 2148 709 2206; baseline 0.002 -2"><span class='ocrx_word' id='word_1_165' title='bbox 174 2166 223 2204; x_wconf 90' lang='lat' dir='ltr'><strong>uec</strong></span> <span class='ocrx_word' id='word_1_166' title='bbox 232 2148 298 2203; x_wconf 88' lang='lat' dir='ltr'><strong>mihi</strong></span> <span class='ocrx_word' id='word_1_167' title='bbox 310 2148 362 2203; x_wconf 83' lang='lat' dir='ltr'><strong>ium</strong></span> <span class='ocrx_word' id='word_1_168' title='bbox 375 2158 440 2203; x_wconf 84' lang='lat' dir='ltr'><strong>terra</strong></span> <span class='ocrx_word' id='word_1_169' title='bbox 451 2149 531 2205; x_wconf 86' lang='lat' dir='ltr'><strong>tutior</strong></span> <span class='ocrx_word' id='word_1_170' title='bbox 539 2148 594 2204; x_wconf 87' lang='lat' dir='ltr'><strong>ullu</strong></span> <span class='ocrx_word' id='word_1_171' title='bbox 604 2159 648 2204; x_wconf 84' lang='lat' dir='ltr'><strong>tua</strong></span> <span class='ocrx_word' id='word_1_172' title='bbox 658 2157 709 2206; x_wconf 85' lang='lat' dir='ltr'><strong>est.</strong></span> 
     </span>
     <span class='ocr_line' id='line_1_28' title="bbox 137 2222 889 2299; baseline -0.001 -20"><span class='ocrx_word' id='word_1_173' title='bbox 137 2222 276 2297; x_wconf 83' lang='lat' dir='ltr'><strong>Quidquid</strong></span> <span class='ocrx_word' id='word_1_174' title='bbox 285 2225 349 2279; x_wconf 89' lang='lat' dir='ltr'><strong>mite</strong></span> <span class='ocrx_word' id='word_1_175' title='bbox 358 2224 408 2279; x_wconf 85' lang='lat' dir='ltr'><strong>luit</strong></span> <span class='ocrx_word' id='word_1_176' title='bbox 419 2233 479 2295; x_wconf 86' lang='lat' dir='ltr'><strong>post</strong></span> <span class='ocrx_word' id='word_1_177' title='bbox 488 2225 575 2280; x_wconf 80' lang='lat' dir='ltr'><strong>diruta</strong></span> <span class='ocrx_word' id='word_1_178' title='bbox 586 2226 728 2299; x_wconf 79' lang='lat' dir='ltr'><strong>Pergamo,</strong></span> <span class='ocrx_word' id='word_1_179' title='bbox 749 2224 889 2297; x_wconf 87' lang='lat' dir='ltr'><strong>quidquid</strong></span> 
     </span>
     <span class='ocr_line' id='line_1_29' title="bbox 84 2298 733 2372; baseline 0.002 -19"><span class='ocrx_word' id='word_1_180' title='bbox 84 2312 109 2354; x_wconf 82' lang='lat' dir='ltr'><strong>tu</strong></span> <span class='ocrx_word' id='word_1_181' title='bbox 173 2298 312 2363; x_wconf 74' lang='lat' dir='ltr'><strong>umbella,</strong></span> <span class='ocrx_word' id='word_1_182' title='bbox 333 2307 379 2354; x_wconf 86' lang='lat' dir='ltr'><strong>aut</strong></span> <span class='ocrx_word' id='word_1_183' title='bbox 389 2299 475 2372; x_wconf 81' lang='lat' dir='ltr'><strong>pelugi</strong></span> <span class='ocrx_word' id='word_1_184' title='bbox 485 2300 620 2354; x_wconf 79' lang='lat' dir='ltr'><strong>detinuere</strong></span> <span class='ocrx_word' id='word_1_185' title='bbox 630 2315 733 2366; x_wconf 81' lang='lat' dir='ltr'><strong>morue;</strong></span> 
     </span>
     <span class='ocr_line' id='line_1_30' title="bbox 139 2373 828 2446; baseline 0.003 -18"><span class='ocrx_word' id='word_1_186' title='bbox 139 2373 375 2430; x_wconf 84' lang='lat' dir='ltr'><strong>solafuitThrace.</strong></span> <span class='ocrx_word' id='word_1_187' title='bbox 404 2374 828 2446; x_wconf 83' lang='lat' dir='ltr'><strong>Putriaquoqueiuctorinipsc:</strong></span> 
     </span>
     <span class='ocr_line' id='line_1_31' title="bbox 177 2449 704 2521; baseline 0 -19"><span class='ocrx_word' id='word_1_188' title='bbox 177 2449 309 2505; x_wconf 74' lang='lat' dir='ltr'><strong>auxilium</strong></span> <span class='ocrx_word' id='word_1_189' title='bbox 320 2467 429 2521; x_wconf 85' lang='lat' dir='ltr'><strong>superes</strong></span> <span class='ocrx_word' id='word_1_190' title='bbox 437 2449 545 2504; x_wconf 82' lang='lat' dir='ltr'><strong>casibus</strong></span> <span class='ocrx_word' id='word_1_191' title='bbox 555 2466 609 2506; x_wconf 82' lang='lat' dir='ltr'><strong>uua</strong></span> <span class='ocrx_word' id='word_1_192' title='bbox 623 2449 704 2517; x_wconf 84' lang='lat' dir='ltr'><strong>meis;</strong></span> 
     </span>
     <span class='ocr_line' id='line_1_32' title="bbox 81 2522 895 2597; baseline 0.006 -20"><span class='ocrx_word' id='word_1_193' title='bbox 81 2566 83 2570; x_wconf 92' lang='lat'>.</span> <span class='ocrx_word' id='word_1_194' title='bbox 140 2522 164 2577; x_wconf 85' lang='lat' dir='ltr'><strong>si</strong></span> <span class='ocrx_word' id='word_1_195' title='bbox 174 2523 252 2579; x_wconf 91' lang='lat' dir='ltr'><strong>modo</strong></span> <span class='ocrx_word' id='word_1_196' title='bbox 262 2542 338 2579; x_wconf 88' lang='lat' dir='ltr'><strong>meus</strong></span> <span class='ocrx_word' id='word_1_197' title='bbox 347 2525 448 2589; x_wconf 80' lang='lat' dir='ltr'><strong>eadem,</strong></span> <span class='ocrx_word' id='word_1_198' title='bbox 470 2541 527 2588; x_wconf 84' lang='lat' dir='ltr'><strong>nec,</strong></span> <span class='ocrx_word' id='word_1_199' title='bbox 542 2524 615 2597; x_wconf 91' lang='lat' dir='ltr'><strong>quod</strong></span> <span class='ocrx_word' id='word_1_200' title='bbox 624 2525 660 2580; x_wconf 83' lang='lat' dir='ltr'><strong>sit</strong></span> <span class='ocrx_word' id='word_1_201' title='bbox 669 2525 722 2579; x_wconf 81' lang='lat' dir='ltr'><strong>iam</strong></span> <span class='ocrx_word' id='word_1_202' title='bbox 733 2523 806 2580; x_wconf 90' lang='lat' dir='ltr'><strong>mihi</strong></span> <span class='ocrx_word' id='word_1_203' title='bbox 817 2525 895 2582; x_wconf 79' lang='lat' dir='ltr'><strong>diues</strong></span> 
     </span>
     <span class='ocr_line' id='line_1_33' title="bbox 178 2599 782 2672; baseline 0.005 -21"><span class='ocrx_word' id='word_1_204' title='bbox 178 2600 264 2672; x_wconf 79' lang='lat' dir='ltr'><strong>regia,</strong></span> <span class='ocrx_word' id='word_1_205' title='bbox 285 2600 409 2672; x_wconf 79' lang='lat' dir='ltr'><strong>Cecropia</strong></span> <span class='ocrx_word' id='word_1_206' title='bbox 423 2617 476 2656; x_wconf 89' lang='lat' dir='ltr'><strong>non</strong></span> <span class='ocrx_word' id='word_1_207' title='bbox 486 2599 573 2656; x_wconf 86' lang='lat' dir='ltr'><strong>minor</strong></span> <span class='ocrx_word' id='word_1_208' title='bbox 584 2617 655 2665; x_wconf 82' lang='lat' dir='ltr'><strong>erce,</strong></span> <span class='ocrx_word' id='word_1_209' title='bbox 675 2607 782 2655; x_wconf 85' lang='lat' dir='ltr'><strong>movet:</strong></span> 
     </span>
     <span class='ocr_line' id='line_1_34' title="bbox 81 2674 849 2750; baseline 0.001 -20"><span class='ocrx_word' id='word_1_210' title='bbox 81 2685 108 2729; x_wconf 81' lang='lat'><strong>75</strong></span> <span class='ocrx_word' id='word_1_211' title='bbox 135 2692 187 2732; x_wconf 87' lang='lat' dir='ltr'><strong>uec</strong></span> <span class='ocrx_word' id='word_1_212' title='bbox 195 2674 537 2750; x_wconf 71' lang='lat' dir='ltr'><strong>patrisoffendunteesus,</strong></span> <span class='ocrx_word' id='word_1_213' title='bbox 553 2675 849 2744; x_wconf 67' lang='lat' dir='ltr'><strong>uecciiuuiuumuttis3</strong></span> 
     </span>
    </p>
   </div>
   <div class='ocr_carea' id='block_1_4' title="bbox 0 0 952 3030">
    <p class='ocr_par' dir='ltr' id='par_1_4' title="bbox 0 0 952 3030">
     <span class='ocr_line' id='line_1_35' title="bbox 0 0 952 3030; baseline 0 0"><span class='ocrx_word' id='word_1_214' title='bbox 0 0 952 3030; x_wconf 95' lang='lat' dir='ltr'><strong> </strong></span> 
     </span>
    </p>
   </div>
  </div>
 </body>
</html>
