1868 2962
211 173 376 220 AMORUM
394 175 464 220 LIB.
485 176 528 222 111.
547 177 605 222 EL.
623 179 646 223 9.
752 171 801 226 499

51 277 107 331 Nee
117 271 208 330 valido
217 275 363 348 quisquam
373 283 469 331 terram
480 277 596 332 findebat
605 285 704 336 aratro:

90 350 216 425 signabat
228 351 303 407 nulio
314 351 397 406 limite
406 351 491 408 fossor
502 352 627 408 humum.

50 427 113 482 Non
123 424 190 480 freta
199 426 308 481 demissi
318 428 457 482 verrebant
467 436 541 482 eruta
552 429 628 483 remi.

88 500 190 556 Ultima
200 502 304 557 mortali
314 510 372 558 tum
383 503 426 558 via
437 502 510 558 littus
521 510 585 558 erat.

50 576 298 644 Contratasollers,
318 577 460 633 hominum
473 586 577 645 natura,
598 577 687 646 fuisti;
830 587 856 635 45

89 660 116 707 et
126 652 242 708 nimium
255 651 362 708 damnis
372 654 510 728 ingeniosa
520 655 585 709 tuis.

49 727 126 795 Quid
137 727 199 794 tibi,
221 729 323 783 turritis
333 729 468 803 incingere
478 729 620 784 moenibus
629 727 729 784 urbes‘?

90 802 165 870 Quid
174 804 234 869 tibi,
254 802 389 858 discordes
399 804 494 860 addere
504 805 531 860 in
543 822 616 860 arma
628 802 745 859 manus?

50 877 126 945 Quid
137 878 183 932 tibi
194 895 257 934 oum
267 877 380 953 pelago?
399 880 477 935 Terra
486 887 608 936 contenta
618 879 726 935 fuisses.

90 953 147 1009 Cur
157 970 211 1009 non
223 962 250 1009 et
258 953 372 1020 eoelum,
393 955 468 1010 tertia
480 973 569 1029 regna,
591 953 679 1027 petis?
831 968 855 1008 50

50 1028 112 1096 Qua
131 1028 205 1096 licet,
226 1029 330 1085 affectas
344 1029 448 1085 coelum
461 1047 579 1103 quoque.
608 1028 717 1101 Templa
734 1027 802 1096 Qui-

584 1122 671 1170 rmus,
845 1123 849 1132 ·

89 1178 180 1245 Liber,
200 1178 350 1244 etdieidas‚
371 1187 396 1235 et
405 1179 484 1236 modo
497 1180 601 1249 Caesar,
622 1180 730 1235 hahent.

49 1254 184 1310 Eruimus
193 1261 261 1310 terra
273 1254 389 1310 solidum
398 1271 447 1328 pro
456 1254 580 1330 frugibus
592 1273 698 1311 aurum.

89 1328 211 1385 Possidet
219 1330 342 1385 inventas
355 1331 487 1406 sanguina
496 1330 574 1386 miles
584 1349 658 1404 opes.

49 1405 471 1477 Curiapauperibusclausaest:
492 1405 778 1462 datoensushonores.
829 1420 854 1461 55

89 1479 155 1536 Inde
163 1481 254 1556 gravis
264 1481 355 1548 iudex,
376 1479 439 1537 inde
448 1497 558 1537 severus
568 1499 660 1553 eques.

48 1556 150 1613 Omnia
159 1556 325 1628 possideant:
347 1555 402 1611 illis
413 1556 586 1629 Campusque
595 1554 737 1628 forumque

89 1632 203 1688 serviat:
224 1632 253 1687 hi
262 1648 353 1705 paoem
364 1649 497 1705 saevaque
505 1631 575 1688 bella
585 1639 688 1706 regant.

48 1709 169 1764 Tantum
179 1724 213 1762 ne
222 1715 326 1763 nostros
335 1707 406 1764 avidi
417 1707 554 1764 lucrentur
563 1725 665 1763 amores
675 1728 680 1762 :

88 1792 115 1839 et
124 1783 189 1839 satis
199 1790 252 1852 ast;
274 1783 377 1856 aliquid
386 1783 512 1856 pauperis
522 1801 580 1838 esse
588 1784 688 1838 sinant.
828 1796 853 1838 oo

48 1861 84 1915 At
96 1875 185 1925 nuno,
205 1865 334 1931 exaequet
342 1859 447 1914 tetricas
458 1859 518 1914 licet
528 1857 573 1913 iiia
586 1858 707 1924 Sabinas,

88 1935 211 2006 imperat,
232 1940 370 2006 utcaptae‚
391 1935 439 2007 qui
448 1935 512 1990 dare
520 1933 604 1988 multa
615 1941 709 2006 potest.

47 2007 337 2081 Meprohibeioustos:
357 2009 387 2065 in
397 2028 441 2066 me
449 2010 524 2064 timet
533 2009 578 2065 illa
588 2009 725 2065 maritum.

87 2084 116 2140 Si
128 2083 256 2151 dederim,
277 2092 330 2141 tota
338 2085 413 2140 cedet
425 2092 536 2158 uterque
545 2083 633 2142 domo.

47 2160 107 2217 Osi
117 2159 230 2235 neglecti
240 2161 385 2233 quisquam
395 2160 461 2216 deus
470 2161 540 2218 ultor
549 2162 673 2226 amantis,
828 2172 853 2214 55

64 2244 67 2249 '
87 2244 142 2292 tam
153 2235 223 2292 mele
231 2237 365 2310 quaesitas
373 2236 484 2310 pulvera
495 2245 579 2293 mutet
588 2237 666 2309 opes!

254 2411 492 2469 ELEGIA
541 2412 602 2470 lx.

47 2523 202 2589 Memnona
212 2533 234 2586 si
248 2540 340 2598 mater,
362 2541 446 2587 mater
455 2533 569 2605 ploravit
577 2530 710 2602 Achillan,

86 2616 114 2663 et
123 2614 238 2682 tangunt
246 2625 359 2684 magnas
370 2607 456 2666 tristia
466 2607 520 2666 iata
529 2607 615 2680 deas,

47 2681 284 2756 debilrsirdr'gnos,
306 2685 431 2765 Elegeia,
455 2686 681 2769 soiveoapiiios.
