1868 2962
151 155 199 206 t06
338 157 367 202 Ρ.
387 156 515 203 0v11t11
532 157 698 205 NASONIS

186 259 290 313 Lumen
297 246 329 312 ¹in
339 256 466 328 adspectu
476 266 505 312 tu
515 257 593 313 modo
602 275 708 329 semper
717 257 796 314 habe.

147 335 247 388 Interea
256 349 305 405 pro
314 350 358 387 me
365 339 499 404 pernoctet
507 331 616 405 epistole
625 340 728 397 mcum:

185 425 268 480 quem
281 424 373 480 preeor
382 416 412 463 ut
420 408 532 463 minime
544 425 689 482 persequer
699 409 759 481 ipse
767 425 848 466 mere.

321 674 580 735 Eplsuunn
623 677 721 735 xlx.

280 813 423 856 nene
478 813 761 857 nennnno.

150 927 242 1003 Quem
254 935 321 991 milri
332 935 428 991 misisti
438 935 541 1003 verbis,
563 935 696 1003 Leendre,
718 936 841 1008 sulutem,

187 1011 326 1084 utpossim
338 1012 449 1068 missam
460 1012 540 1067 rebus
549 1011 659 1079 habere,
680 1013 754 1068 veni.

149 1089 240 1161 Longe
248 1104 323 1142 mora
332 1094 373 1142 est
381 1088 459 1143 nobie
468 1087 570 1152 omnis,
591 1086 871 1162 queegaudieditl'ert.

184 1163 222 1218 De
231 1162 338 1218 veniam
348 1161 447 1219 fussee:
468 1181 521 1218 non
532 1162 659 1235 patienter
669 1180 740 1219 erno.

91 1252 106 1292 s
147 1237 258 1297 Urimur
267 1237 329 1311 igne
337 1238 407 1309 peri:
429 1238 548 1293 sedsum
557 1238 606 1293 tibi
615 1238 719 1293 viribus
729 1237 827 1312 imper.

186 1312 291 1368 Fortius
301 1311 440 1386 ingenium
451 1313 573 1385 suspicor
585 1330 643 1369 esse
652 1312 729 1369 viris.

149 1388 183 1442 Ut
192 1405 290 1460 eorpus
303 1387 400 1442 teneris
410 1387 451 1443 sie
459 1405 536 1444 mens
546 1389 652 1444 infirma
663 1387 786 1461 puellis..

186 1462 325 1530 Delicium,
345 1463 421 1534 parvi
430 1465 558 1537 temporie
568 1464 634 1520 adde
643 1481 757 1520 moram.

70 1550 73 1556 '
149 1541 216 1605 Vos,
237 1538 459 1607 modovennndo,
480 1540 559 1597 modo
568 1558 615 1596 rue
624 1538 729 1615 geniale
737 1538 857 1608 nolendo,

96 1628 120 1670 tt
185 1616 285 1687 penitis
294 1615 323 1670 in
331 1614 405 1670 reris
414 1623 532 1688 tempore
542 1615 621 1690 longe
631 1632 719 1671 more:
912 1662 916 1668 .

150 1688 317 1745 autloravos
328 1689 455 1757 retinent,
476 1698 626 1746 sutunetae
636 1690 705 1747 dona
714 1690 873 1764 palaesnre:

186 1763 289 1819 flectitis
299 1772 345 1819 eut
355 1763 429 1821 freno
438 1765 505 1823 celle
515 1766 618 1840 fugacis
627 1766 701 1839 equi.

149 1842 228 1894 Nune
237 1838 372 1895 volucrem
384 1839 488 1914 laqueo,
501 1859 574 1898 nune
583 1842 684 1914 pieeem
693 1841 793 1898 ducitis
806 1842 890 1899 hemo.

186 1913 302 1970 Diluitur
311 1916 398 1987 posito
408 1917 491 1973 serior
499 1916 564 1973 hore
574 1934 657 1974 mero.

95 2003 120 2044 15
149 1990 196 2044 His
205 1990 272 2045 mihi
282 1991 428 2059 submotis,
449 1991 491 2047 vel
500 1993 524 2048 si
535 1993 626 2048 minus
636 1992 730 2049 acriter
741 2009 817 2060 urar,
894 2050 899 2059 ,

130 2080 132 2083 ·
186 2064 259 2137 quod
272 2063 381 2133 faeiem,
401 2075 538 2140 superest,·
556 2077 659 2141 praeter
671 2085 775 2135 amere,
797 2066 876 2124 nihil.

149 2140 227 2206 Quod
236 2149 370 2212 superest,
391 2141 473 2200 facio:
495 2141 892 2217 teque,emees0leroluptee,

186 2215 248 2288 plus
258 2233 376 2290 qunque,
387 2236 471 2291 quam
476 2218 549 2274 reddi
558 2218 632 2291 quod
641 2218 709 2274 mihi
720 2218 817 2290 possit,
825 2234 892 2275 erno.

58 2338 60 2343 ι
149 2290 202 2346 Aut
212 2310 261 2367 ego
269 2309 332 2348 cum
342 2309 402 2349 cera
410 2293 593 2350 detenutriee
602 2311 728 2363 susurro;
874 2314 879 2325 ⁴

95 2377 120 2422 20
185 2385 308 2440 quaeque
317 2375 410 2435 tuum,
430 2369 526 2434 miror,
546 2386 641 2426 causes
650 2376 768 2425 moretur
777 2369 840 2425 iter:

150 2450 195 2496 aut
205 2461 276 2498 mere
286 2444 466 2516 prospiciens,
487 2444 578 2502 odioso
586 2445 777 2502 eoncitnvente

187 2518 302 2590 corripio
311 2520 401 2575 verbis
411 2536 526 2592 aequore
535 2527 614 2592 slepe
623 2520 692 2576 tuis:

150 2601 209 2658 aut,
230 2593 278 2648 ubi
288 2595 413 2652 saevitiae
422 2593 545 2670 paullum
588 2590 729 2651 avis'unde
741 2594 855 2661 remisit,

169 2685 259 2738 posse
267 2671 400 2746 quidem,
422 2671 472 2732 eed
483 2670 709 2736 teneieuenne,
726 2685 838 2743 urerer.
