1868 2962
132 169 180 222 ⁴58
321 174 348 220 Ρ.
370 172 498 221 ovmn
515 174 685 222 NASONIS

130 273 212 332 Crede
223 273 306 341 mihi,
328 273 396 331 nulli
406 282 470 330 sunt
479 276 589 332 crimina
600 283 675 348 grata
685 276 797 332 marito:

167 368 216 406 nso
224 367 406 423 quemquam,
426 353 552 423 quamvis
562 351 653 406 audiat
662 350 723 419 iila,
745 352 848 407 iuvant.

128 425 181 481 Seu
193 434 274 498 tepet,
296 426 427 481 indicium
438 442 545 482 securas
557 426 649 499 prodis
658 426 692 482 ad
702 445 799 484 auras:

166 501 223 557 sive
233 510 319 570 amat,
339 501 426 558 officio
435 501 465 556 fit
475 503 556 557 miser
566 502 612 558 illa
620 510 676 560 tuo.

75 588 100 630 55
130 577 214 649 Culpa
225 596 274 633 nec
286 595 320 633 ex
332 576 417 644 facili,
433 579 559 650 quamvis
568 577 724 645 manifesta,
743 578 874 653 probatur.

167 653 265 709 Iudicis
276 652 321 708 illa
330 652 374 707 sui
384 660 441 708 tuta
454 653 542 710 favore
552 655 634 710 venit.

129 728 231 784 Viderit
240 730 298 801 ipse
308 728 383 796 lieet3
404 729 491 784 credet
501 738 589 785 tamen
599 727 671 784 iilen
707 728 774 797 anti,

167 803 473 876 damnabitqueoculos‚
494 813 520 859 et
528 805 581 860 sibi
592 805 672 860 verba
701 805 767 860 abit.

130 879 265 952 adspiciet
274 879 399 936 dominae
409 879 545 948 lacrimas;
568 879 684 952 plorabit
693 887 720 934 et
728 880 801 953 ipset

76 966 101 1008 aa
167 964 192 1009 et
202 954 283 1021 dicat,
305 956 405 1010 Poenas
417 954 543 1029 garrulus
554 954 695 1010 istedabit.

131 1030 185 1086 Cur
194 1030 285 1102 dispar
297 1040 429 1086 sertamen
441 1029 513 1086 inis?
540 1031 600 1086 Tibi
611 1030 720 1087 verbera
733 1032 805 1089 vieto

167 1104 280 1162 adsunt:
301 1106 330 1161 in
339 1105 442 1181 gremio
450 1106 547 1162 iudicis
557 1105 601 1161 illa
612 1105 694 1162 sedat.

129 1182 188 1236 Non
199 1182 287 1237 scelus
297 1182 483 1256 aggredimur:
505 1200 558 1238 non
569 1182 602 1238 ad
612 1181 749 1237 miscenda
759 1183 863 1240 ooimus

169 1259 267 1312 toxica:
290 1275 343 1313 nou
354 1258 445 1312 stricto
455 1256 581 1313 fulminat
590 1274 653 1312 ensa
662 1274 777 1314 manus:

76 1344 100 1386 05
130 1332 300 1404 quaerimus,
322 1341 352 1388 ut
362 1340 418 1388 tuto
427 1334 654 1405 pertepossimus
668 1350 768 1390 amare.

168 1407 240 1475 Quid
249 1409 374 1481 precibus
385 1408 483 1464 nostris
494 1409 602 1465 mollius
612 1426 670 1464 esse
679 1407 785 1481 potest?

333 1579 576 1636 ELEGIA
624 1578 684 1633 ΙΙΙ.

130 1694 187 1756 Hei
206 1701 288 1767 mihi,
309 1699 383 1772 quod
399 1699 550 1766 dominam,
573 1715 621 1754 nac
639 1697 682 1752 vir
702 1716 752 1756 nec
771 1699 875 1770 femina

611 1791 712 1841 servas,

169 1859 263 1904 mutua
274 1867 323 1905 nec
332 1850 443 1906 Veneris
453 1849 551 1924 gaudia
562 1868 640 1906 nosse
652 1853 743 1923 potest

132 1926 182 1992 Qui
194 1927 299 1997 primus
310 1929 401 1998 pueris
410 1925 535 2002 genitalia
546 1928 665 1982 membra
680 1927 783 1994 recidit,

168 2001 294 2068 vulnera,
315 2002 469 2074 quaeiecit‚
490 2002 583 2057 debuit
593 2003 650 2075 ipse
660 2003 725 2075 pati.

78 2091 89 2131 a
131 2075 218 2132 Mollis
228 2077 256 2132 in
269 2078 430 2150 obsequium
440 2077 580 2150 facilisque
589 2079 747 2154 rogantibus
756 2096 840 2146 assas,

169 2153 191 2206 si
203 2161 267 2208 tuus
277 2153 305 2208 in
316 2155 414 2226 quavis
423 2156 617 2227 praetepuisset
628 2173 713 2211 amor.

133 2230 190 2283 Non
202 2236 231 2283 tu
242 2237 320 2284 natus
331 2247 415 2302 aquo,
436 2249 490 2286 non
502 2228 615 2286 fortibus
625 2229 701 2286 utilis
713 2231 813 2287 armis:

169 2304 262 2360 bellica
272 2322 325 2360 non
335 2304 443 2361 dextrae
451 2307 576 2362 convenit
585 2307 658 2362 hasta
669 2315 740 2363 tuae.

133 2381 183 2434 ista
195 2399 280 2436 mares
290 2389 416 2436 tractant:
439 2389 468 2436 tu
478 2399 540 2453 spes
552 2382 655 2453 depone
664 2381 766 2438 viriles.

79 2466 103 2508 ta
170 2454 238 2510 Sunt
249 2457 295 2513 tibi
305 2474 367 2512 cum
378 2456 486 2511 domina
497 2457 574 2532 signa
584 2457 691 2513 ferenda
702 2466 758 2513 tua.

132 2531 206 2585 Hanc
216 2532 297 2605 impie
307 2533 424 2588 meritis:
446 2532 529 2587 huius
539 2534 587 2587 tibi
597 2533 682 2608 gratia
692 2535 787 2605 prosit.

73 2682 76 2687 ,
163 2605 196 2663 Si
207 2624 298 2666 careas
309 2609 372 2680 ina,
392 2608 457 2685 quis
469 2607 685 2664 masasasarit‘i

113 2684 166 2741 Est
175 2685 260 2746 etiam
272 2687 374 2762 iacias,
398 2695 466 2748 sunt
476 2686 534 2761 apti
541 2684 655 2740 ixis'rtaas
662 2683 742 2736 aaa'x.

157 2899 161 2905 ⁵
211 2898 315 2916 *-
