1868 2962
175 168 222 219 l38
365 168 393 216 P.
414 168 544 217 0v1D11
563 171 732 216 NASONIS

209 274 338 345 Tempora
349 271 433 327 noctis
443 280 521 337 eunt;
542 280 635 326 excute
644 279 720 342 poste
730 288 826 327 seram.

908 39 928 311 l

172 346 320 405 Fallimur?
338 365 372 403 an
382 365 459 403 verso
468 355 615 403 sonuerunt
624 347 732 402 cardine
740 345 846 419 postes?
925 394 928 411 ,

118 437 143 477 to
207 440 340 497 raucaque
349 440 493 479 concussae
502 423 578 496 sigua
589 421 683 477 dedere
693 421 784 477 lores‘l

172 498 316 555 Fallimur:
337 498 455 571 impulsa
465 506 505 553 est
514 498 635 553 animoso
644 497 726 553 ianua
738 506 828 557 vento.

209 574 256 629 llei
267 574 348 641 mihi,
369 592 451 646 quam
462 572 540 648 longe
549 590 624 646 spem
635 571 698 627 tulit
710 591 776 629 aura
786 579 881 630 meam}
926 560 928 625 ἷ

172 649 200 705 Si
210 650 275 705 satis
286 668 314 704 es
326 657 429 722 raptae,
450 650 545 716 Borea,
566 647 826 725 memorOrithyiae,

209 725 264 781 huc
275 725 346 791 ades,
367 732 393 781 et
401 725 497 780 surdas
508 724 616 779 flamine
626 724 709 779 tunde
718 723 799 781 iores.

118 813 143 855 55
170 801 242 857 Urbe
252 799 331 855 silent
340 808 406 866 tota,
428 801 564 874 vitreoque
573 799 707 855 madentia
718 816 777 856 rore

209 876 510 947 temporanoctiseuut:
531 883 625 931 excute
634 883 708 947 poste
718 893 822 934 seram:

172 960 218 1007 aut
227 969 276 1026 ego
284 951 338 1006 iam
348 949 470 1024 ferroque
479 951 590 1026 ignique
599 951 730 1022 potentior
739 951 808 1024 ipso,

209 1045 290 1099 quem
301 1025 356 1082 lace
365 1028 498 1094 sustineo,
519 1033 585 1081 tecta
595 1026 710 1098 superba
721 1035 821 1098 petam.

172 1105 231 1158 Nox
241 1110 267 1158 et
278 1102 361 1158 Amor
369 1103 519 1176 vinumque
529 1101 597 1158 nihil
608 1101 771 1158 moderabile
779 1101 897 1158 suadent:

118 1191 143 1233 to
208 1178 255 1234 illa
264 1179 366 1251 pudore
374 1188 463 1248 vacat,
483 1178 563 1234 Liber
572 1177 708 1249 Amorque
717 1187 802 1234 metu.

172 1252 268 1309 Omnia
277 1254 428 1320 consumi,
449 1252 719 1325 necteprecibusquc
728 1254 863 1328 minisque

210 1330 356 1395 movimus,
376 1327 504 1385 oloribus
514 1328 607 1384 durior
616 1329 674 1401 ipse
685 1328 753 1385 tuis!

172 1407 231 1461 Non
242 1413 266 1459 te
276 1403 406 1461 formosae
415 1404 503 1459 decuit
512 1422 617 1460 servare
625 1403 731 1477 puellae

210 1479 318 1537 limina:
338 1479 450 1536 sollicito
459 1481 749 1555 carceredignuseras.

118 1568 143 1610 65
172 1557 283 1629 lamque
291 1557 434 1628 pruinosos
443 1557 553 1613 molitur
561 1555 667 1611 Lucifer
675 1572 749 1621 axes,

211 1631 293 1704 inque
303 1650 386 1688 suum
396 1632 508 1688 miseros
518 1632 614 1687 excitat
623 1631 678 1686 ales
688 1647 769 1702 opus.

172 1708 260 1773 Atta,
282 1725 334 1763 non
346 1707 420 1762 laetis
430 1707 543 1763 detracta
552 1725 648 1763 corona
660 1705 775 1778 capillis,

211 1782 277 1837 dura
287 1801 368 1855 super
379 1791 432 1839 tota
444 1782 537 1839 limina
548 1792 623 1839 nocte
631 1782 697 1837 iace.

173 1859 213 1912 Tu
224 1858 360 1925 dominae,
382 1876 468 1932 quum
479 1868 503 1914 te
513 1859 655 1932 proiectam
668 1873 747 1914 manc
757 1854 866 1922 videbit,

118 1944 144 1985 70
209 1934 336 2005 temporis
345 1935 463 1990 absumti
474 1944 527 1990 tam
537 1933 606 1990 male
616 1933 690 1988 testis
700 1931 763 1988 eris.

173 2007 374 2083 Qualiscumque
383 2009 456 2078 vale,
476 2009 599 2083 sentique
607 2008 730 2065 abeuntis
741 2024 868 2073 amorem,

210 2082 293 2155 lents3
314 2103 363 2141 nec
372 2085 491 2143 admisso
500 2086 586 2158 turpis
596 2093 714 2151 amante,
736 2082 806 2141 vale.

172 2159 225 2217 Vos
236 2177 344 2234 quoque
352 2161 472 2218 crudeles
482 2162 568 2237 rigido
577 2179 640 2217 cum
651 2159 745 2215 limine
753 2167 853 2232 posue,

208 2235 331 2310 duraque
339 2245 474 2294 consertae
484 2237 556 2312 ligna
567 2237 651 2295 valete
660 2234 735 2292 foris.

365 2415 475 2470 ELE
496 2413 599 2470 (ΗΛ
649 2414 724 2470 Vll.

174 2524 255 2588 Adde
265 2552 362 2589 nranus
372 2535 400 2589 in
411 2535 499 2590 vincla
509 2552 596 2602 meas,
616 2534 747 2608 (meruere
756 2533 883 2608 catenas)

207 2608 275 2666 dum
286 2609 361 2669 furor
370 2611 460 2669 omnis
469 2611 541 2676 ahu,
559 2610 655 2680 siquis
663 2609 765 2663 amicus
774 2609 859 2665 adest.

160 2685 234 2745 Nem
248 2688 328 2748 luror
339 2690 370 2748 iu
379 2690 527 2749 domiuum
536 2681 905 2742 temerarlaurauuamuu.-
