1868 2962
147 186 196 238 198
336 191 364 236 Ρ.
385 182 512 235 ovmn
530 187 698 234 NASONIS

146 292 211 345 Ecce
220 306 311 344 recens
321 288 406 355 dives,
427 298 503 362 parto
512 307 560 362 per
570 288 681 344 vulnera
691 304 786 353 censu,

94 379 117 420 uu
182 364 329 437 praefertur
340 365 429 431 nobis,
450 363 781 440 sauguinefaotusaques.

146 442 224 497 Hunc
233 449 307 512 potes
317 440 440 513 amplecti
451 440 588 505 formosis,
610 438 706 504 stulta,
729 437 826 493 lauertia

182 517 266 571 huius
275 518 304 572 in
315 516 455 588 amplexu,
476 514 571 581 stulta,
592 514 676 569 iacere
685 512 781 586 potas?

146 590 175 646 si
185 593 281 657 nescis,
302 592 441 664 caputhoc
450 591 553 666 galeam
565 596 670 662 portare
679 589 798 644 solebat:

183 684 247 723 ensa
256 666 325 722 latus
334 668 461 732 cinctum,
483 665 556 738 quud
566 664 614 719 tibi
623 665 714 730 servit,
736 671 802 719 erat.

94 755 119 797 15
147 743 233 800 Laeva
247 760 359 810 manus,
379 742 423 797 cui
444 758 517 797 nunc
536 757 628 796 serum
647 739 717 794 male
735 755 826 796 conve}

626 832 735 881 aurum,

185 900 259 949 scuta
268 892 338 948 tulit.
367 893 492 948 Dextram
504 899 592 967 tange,
613 897 723 946 cruenta
732 889 794 945 fuit.

148 968 207 1036 Qua
215 968 294 1040 pariit
303 967 411 1040 aliquis,
433 967 750 1054 potsshancooutiugam
759 965 826 1020 dext

185 1045 266 1109 Heus,
288 1043 335 1098 ubi
345 1043 470 1100 mollities
480 1044 593 1116 pectoris
603 1041 648 1097 illa
658 1048 697 1096 tuu
708 1039 768 1096 est?

148 1120 384 1185 Cemecioatrices,
405 1119 501 1174 veteris
512 1118 625 1193 vestigia
634 1133 753 1191 pugnae.

95 1207 120 1251 2⁰
186 1194 342 1261 Quaesitum
351 1194 439 1250 astilli
452 1211 573 1266 empore,
594 1192 730 1266 quidquid
739 1191 826 1247 habeta

148 1270 270 1326 Forsitan
279 1277 313 1335 et,
334 1270 438 1342 quoties
448 1269 585 1325 hominem
596 1267 768 1343 iugulaverit.
791 1266 826 1322 uu

186 1343 298 1413 iudicem
319 1344 369 1399 hoc
381 1342 465 1399 fassas
473 1344 571 1418 tangis,
593 1362 685 1410 avara,
706 1342 826 1398 manus?

149 1418 196 1474 ssle
206 1437 255 1494 ego
263 1421 403 1475 Musarum
412 1436 498 1491 purus
508 1419 662 1491 Phoebique
671 1418 795 1474 sacerdos

188 1495 222 1551 ad
231 1496 332 1571 rigidas
342 1503 419 1553 cauto
431 1512 538 1550 carmen
548 1495 629 1550 inane
639 1492 718 1550 fores.

95 1582 121 1627 25
148 1571 255 1638 Discite,
266 1572 315 1645 qui
325 1573 489 1644 sapitis,non
502 1571 576 1637 hauc,
587 1587 657 1643 quae
666 1569 779 1637 scimus,
792 1570 826 1625 im

188 1646 235 1702 sad
246 1646 362 1719 trepidas
371 1647 441 1702 acies
451 1654 476 1702 et
485 1645 539 1701 fera
549 1645 618 1701 balla
629 1643 721 1718 sequi:

56 1731 59 1737 ’
149 1738 252 1794 proque
261 1722 331 1778 bono
345 1739 423 1776 versu
435 1722 555 1794 primum
565 1720 688 1776 deducite
698 1718 799 1793 pilum.

187 1797 243 1851 Hoc
251 1796 310 1862 tibi,
331 1795 355 1850 si
365 1797 456 1864 velles,
478 1805 577 1869 posset,
598 1798 720 1863 Homero,
743 1797 813 1853 dari.

149 1871 258 1944 Iupiter,
279 1872 432 1929 admonitus
442 1873 510 1928 nihil
519 1890 578 1928 asse
590 1872 724 1945 potentius
735 1889 812 1941 auro,

96 1960 121 2004 30
187 1955 325 2019 corruptae
333 1950 450 2022 pretium
459 1948 573 2022 virginis
585 1949 644 2020 ipse
652 1946 712 2003 fuit.

149 2023 219 2078 Dum
229 2039 329 2077 memes
337 2025 436 2092 aberat,
457 2024 542 2081 durus
551 2031 635 2096 pater,
655 2024 714 2097 ipsa
722 2041 826 2092 savera,

188 2098 267 2154 aerati
278 2106 376 2170 postas,
397 2100 480 2156 ferrea
490 2099 571 2156 turris
582 2107 646 2156 erat.

150 2175 201 2231 Sed
209 2181 352 2248 postquam
364 2176 471 2248 sapiens
481 2177 509 2231 iu
519 2193 632 2231 munera
641 2175 716 2232 venit
724 2173 826 2230 adulter

186 2249 309 2324 praebuit
317 2251 376 2325 ipsa
385 2252 477 2319 sinus,
498 2259 536 2317 et,
557 2250 620 2307 dare
630 2250 718 2317 iussa,
740 2248 825 2306 dedit.

96 2337 121 2380 35
150 2325 184 2382 At
193 2344 279 2400 quum
288 2344 369 2403 regna
379 2344 461 2383 senex
470 2327 535 2383 ooali
545 2326 677 2383 Saturnus
686 2326 806 2392 haberat,

188 2421 268 2458 omns
278 2402 382 2458 lucrum
394 2402 510 2458 tenebris
520 2402 572 2457 alta
582 2402 720 2475 premebat
729 2402 826 2457 humus

103 2533 105 2537 .
151 2477 273 2550 Aeraque
281 2486 307 2534 et
316 2485 466 2554 argentum,
487 2495 605 2551 cumque
616 2495 681 2533 auro
692 2476 810 2548 pondera
821 2480 826 2532 Ι

188 2553 314 2610 Manibus
325 2555 457 2610 admorat:
479 2552 609 2626 nullaque
618 2569 707 2607 massa
717 2550 779 2607 fuit.

143 2624 409 2702 Atmelioradahat3
427 2628 696 2686 umuasmauumsre
706 2625 808 2700 faugas,

75 2707 105 2757 1⁰
170 2723 331 2787 pomaque,
354 2701 826 2785 etinqusmumauauausxmmaa
