1868 2962
136 141 184 195 ⁴30
323 146 354 192 P.
376 141 503 191 ovmn
522 143 689 190 NASONIS

133 249 200 316 Quis
211 245 304 320 probet
314 244 342 301 in
352 243 429 301 silvis
440 245 560 302 Cererem
572 263 684 320 regnare
696 244 817 322 iugosis‘i
876 274 878 281 >

79 338 104 380 m
170 324 227 398 lege
238 322 401 396 pharetratae
411 321 531 397 Virginis
542 339 604 377 arva
614 320 684 378 uoli‘i

134 399 262 457 Crinibus
272 399 323 454 insi
345 415 406 453 nem
416 398 479 470 quis
489 406 565 452 acuta
575 397 687 470 cuspide
696 397 833 455 Phoebum

171 476 299 540 instruat,
320 416 433 531 ioniam
442 474 524 528 Marte
533 482 657 530 movente
667 473 773 548 lyram?

134 551 202 607 Sunt
213 550 259 604 tibi
271 567 378 624 magna,
389 566 465 622 puer,
480 550 651 622 nimiumque
660 550 777 622 potentia
787 567 876 626 regna,

171 644 296 699 europus
306 626 424 692 affectas,
445 626 599 692 ambitiose,
621 626 743 681 novum?

81 716 106 758 15
135 703 192 771 An,
213 701 287 775 quod
296 702 413 775 ubique,
434 707 512 756 tuum
523 699 581 756 est?
609 701 740 831 ΤΤυαειωῖῑ
749 700 877 759 Helimnia

639 794 717 849 empe

171 852 225 909 Vix
233 851 312 907 etiam
323 850 429 907 Phoebo
438 850 492 906 iam
503 849 560 926 lyra
570 858 626 907 tuta
636 870 685 908 sua
695 859 745 909 est.

135 928 224 996 Quum
236 928 303 983 bene
311 928 427 982 surrexit
436 944 517 983 versu
528 944 596 983 nova
606 928 703 1002 pagina
717 929 819 1001 primu,

172 1012 290 1060 attenuat
300 1020 395 1059 nervus
405 1003 527 1075 protinus
538 1003 582 1058 ille
592 1021 675 1059 mens.

135 1081 188 1135 Nee
198 1079 264 1135 mihi
275 1079 383 1135 materia
392 1089 433 1134 est
442 1080 561 1134 numeris
573 1077 717 1135 levioribus
727 1087 799 1152 apta,

81 1169 106 1212 tu
172 1165 218 1211 ant
227 1172 308 1227 puer,
329 1164 375 1212 aut
385 1154 570 1230 iongascomta
582 1155 669 1227 puella
680 1171 780 1211 eomas.

135 1230 252 1299 Questus
261 1249 348 1294 eram;
370 1231 491 1302 pharetra
501 1248 588 1303 quum
599 1231 719 1303 protinus
730 1230 776 1287 ille
786 1231 869 1289 soluta

174 1306 237 1382 legit
247 1306 274 1360 in
287 1307 397 1361 exitium
411 1305 512 1378 spionia
524 1306 589 1362 faeta
601 1324 706 1374 meum3

136 1382 293 1454 lunavitqua
301 1399 373 1458 genu
383 1383 525 1438 sinuosum
536 1381 633 1438 fortiter
642 1399 750 1438 areum:

172 1457 304 1532 Quodque
315 1475 409 1524 cauas,
430 1466 517 1524 vates,
538 1458 641 1530 accipe,
662 1457 744 1523 dixit,
765 1474 845 1531 opus.

82 1547 108 1592 25
136 1536 177 1591 Me
187 1536 330 1592 miserum!
351 1543 434 1590 certas
445 1535 539 1589 habuit
548 1551 615 1605 puer
627 1532 670 1589 iile
678 1534 800 1608 sagittas.

174 1611 254 1676 Uror,
275 1611 337 1666 etin
349 1629 432 1666 vacuo
441 1619 544 1682 pectore
555 1617 647 1684 regnat
655 1609 747 1665 Amor.

137 1686 188 1741 Sex
199 1686 264 1741 mihi
276 1693 369 1759 surgat
377 1702 445 1756 opus
456 1685 589 1750 numeris;
606 1686 633 1740 in
642 1685 765 1759 quinque
775 1684 880 1742 residat,

174 1761 266 1815 Ferrea
276 1778 339 1815 cum
349 1761 444 1814 vestris
456 1760 522 1815 bella
534 1759 616 1815 valete
627 1761 724 1817 modis.

138 1835 249 1910 Cingere
260 1834 360 1891 littorea
370 1834 491 1891 flaventia
502 1844 618 1907 tempora
628 1845 726 1911 myrto,

82 1924 108 1968 tu
174 1912 265 1978 Musa,
286 1929 334 1984 per
344 1912 464 1968 undenos
474 1910 650 1968 emodulanda
659 1911 750 1985 pedes.

345 2080 585 2142 ELEGIA
629 2082 674 2137 11.

138 2195 209 2258 Esse
219 2200 285 2276 quid
296 2202 345 2257 hoc
354 2201 531 2276 dieam,quod
540 2212 594 2259 tam
605 2202 672 2258 mihi
683 2204 750 2259 dura
761 2203 880 2260 videntur

174 2286 269 2345 strata,
291 2295 377 2351 neque
387 2280 414 2334 in
425 2278 490 2335 lecta
500 2279 580 2352 pallia
590 2287 678 2336 nostra
688 2278 800 2336 sedent?

138 2362 164 2411 et
173 2373 276 2411 vacuus
285 2372 380 2411 somno
390 2363 507 2421 noctem,
528 2355 714 2429 quamlonga,
736 2357 837 2431 peregi,

175 2430 299 2504 lassaque
308 2431 405 2486 versati
415 2431 533 2502 eorporis
543 2448 603 2487 ossa
612 2430 721 2486 dolent?

67 2568 68 2571 Ἴ
84 2519 96 2563 5
138 2508 205 2563 Nam
217 2516 284 2580 puto
295 2509 436 2574 sentirem,
456 2507 480 2561 si
490 2525 545 2579 quo
555 2515 668 2562 tentarer
678 2525 777 2562 amore.

174 2582 217 2639 An
225 2583 313 2652 subit,
334 2591 359 2640 et
370 2583 446 2640 tacita
456 2582 570 2638 callidus
579 2591 634 2639 arte
644 2580 737 2639 nocet?

124 2658 255 2718 i‘iiuerat:
278 2660 428 2722 haeserunt
436 2669 535 2718 tenues
544 2658 577 2716 in
588 2657 804 2726 mrussaguus.

96 2886 189 2903 ¹—-
