1868 2962
251 105 460 190 esromae.
488 142 545 191 sa.
558 143 615 191 xx.
759 138 808 192 rte

90 239 259 297 Promissam
269 244 334 298 setis
345 253 384 299 est
394 253 419 298 ta
428 243 509 299 semel
520 261 578 299 esse
587 244 666 300 mihi.
771 283 775 292 ·

53 315 179 404 Periege:
200 315 318 374 discedat
326 321 367 373 sic
375 337 483 391 corpore
494 318 605 394 languor
614 321 647 375 ab
657 321 717 384 isto,

92 410 142 466 qur
155 408 232 447 meus
242 401 295 460 est,
316 394 583 467 uiiapartedoiente‚
603 394 686 451 dolor.

53 466 128 535 Quid
138 467 226 539 pudor
234 485 280 525 ore
289 468 381 525 subit?
408 473 491 536 Nam,
511 471 582 524 sicut
592 470 691 525 incede
699 470 806 536 Dianae,
851 483 863 523 5

93 543 221 615 suspicor
232 545 362 619 ingenuas
375 547 515 601 erubuisse
524 563 618 620 genas.

55 619 222 694 Coniugium
233 629 391 693 pactamque
400 621 495 687 fidem,
517 620 703 687 condiminae,
718 638 806 692 posco.

94 695 208 750 Debitus
218 697 369 762 uteoniux‚
391 713 443 751 uon
453 705 483 751 ut
492 695 604 762 adulter,
626 712 696 751 amo.

57 771 144 827 Verba
158 769 218 824 iicet
228 779 344 842 repetas,
366 789 435 843 quae
445 771 550 827 demtus
564 773 597 826 ab
608 771 701 827 arbore
711 770 796 826 iectus

93 844 206 918 pertulit
216 845 358 912 ademtae,
380 865 423 901 me
433 847 556 912 iaciente,
578 865 689 917 manus3
837 858 862 899 to

59 920 182 977 invenies
194 918 249 975 illic
258 920 286 975 id
298 929 322 976 te
332 921 478 995 spondere,
498 922 571 996 quod
581 933 642 995 opto
747 967 749 971 .

95 996 234 1068 tepetius‚
254 997 346 1070 virgo,
366 1014 449 1070 quam
461 999 615 1053 meminisse
624 998 712 1053 deam.

58 1072 137 1128 Nunc
147 1089 256 1144 quoque
268 1072 340 1126 idem
354 1073 447 1128 timeo:
469 1073 516 1127 sed
530 1073 704 1201 idemltamen
720 1072 807 1131 aerius

94 1173 98 1179 ·
289 1198 292 1203 .
594 1148 662 1203 ilud

96 1221 227 1277 assumsit
236 1222 321 1292 vires3
342 1230 473 1295 auctaque
482 1222 590 1278 flamma
600 1241 674 1279 mora
684 1230 736 1279 est:

60 1299 162 1371 quique
171 1295 223 1353 fuit
232 1314 372 1370 nunquam
382 1316 492 1370 parvus,
509 1316 581 1354 nunc
591 1307 708 1371 tempore
718 1299 806 1372 longo,
837 1311 862 1352 15

95 1382 122 1429 et
131 1389 194 1445 spe,
215 1391 297 1447 quam
308 1372 418 1428 dederas
430 1382 458 1429 tu
469 1375 551 1441 mihi,
572 1375 656 1430 crevit
664 1392 748 1431 emor.

60 1449 140 1522 Spem
148 1449 216 1504 mihi
228 1457 258 1505 tu
267 1448 392 1504 dederas:
406 1466 482 1504 meus
492 1450 536 1506 hic
544 1450 711 1505 tibieredidit
720 1451 807 1506 ardor.

96 1525 158 1581 Non
167 1532 242 1596 potes
255 1524 307 1580 hcc
315 1522 416 1580 iactum
427 1532 491 1579 teste
501 1542 598 1599 negare
608 1525 665 1580 dea.

60 1599 167 1665 Adfuit,
188 1608 213 1655 et
222 1617 363 1672 praesens,
384 1607 492 1667 uteret,
513 1600 769 1667 tuaverbanotavit‚

96 1685 122 1731 et
132 1675 191 1731 visa
200 1683 240 1731 est
251 1683 321 1732 mota
330 1675 399 1731 dicta
410 1677 536 1750 probasse
546 1694 632 1732 coma.
837 1689 862 1732 20

60 1754 201 1823 Deceptam
210 1751 283 1808 dicas
294 1761 382 1808 uestra
394 1761 419 1808 te
431 1752 524 1809 fraude
534 1751 632 1819 licebit,

96 1827 165 1883 dum
175 1827 277 1884 fraudis
287 1836 391 1884 nestrae
400 1847 494 1884 caussa
505 1828 603 1884 feratur
614 1846 697 1884 amor.

60 1904 146 1959 Fraus
156 1921 213 1959 mea
226 1903 293 1976 quid
303 1904 392 1976 petiit,
413 1905 465 1960 nisi
477 1923 532 1976 quo
541 1905 589 1959 tibi
600 1905 723 1979 iungerer
733 1901 800 1958 uni?

98 1978 195 2046 Idme‚
217 1979 289 2051 qued
298 1979 433 2052 quereris,
453 1979 593 2036 conciliare
603 1986 697 2051 potest.
736 2023 740 2032 .

60 2055 119 2110 Nou
129 2071 179 2129 ego
191 2062 299 2122 natura,
321 2072 368 2110 nee
377 2073 439 2110 sum
450 2062 503 2110 tam
514 2055 626 2111 callidus
636 2074 702 2112 usu:
838 2065 862 2108 25

97 2127 338 2197 sollertemtume‚
358 2131 449 2194 crede,
470 2130 573 2203 puella,
594 2131 669 2187 facis.

60 2206 97 2259 Te
107 2204 175 2259 mihi
185 2205 354 2277 compositis,
375 2205 476 2278 siquid
486 2213 574 2262 tamen
584 2208 704 2282 egimus,
726 2213 780 2259 erte

97 2279 241 2336 adstrinxit
253 2281 343 2336 verbis
353 2281 508 2356 ingeniosus
521 2281 613 2339 Amor.

58 2356 169 2412 Dictatis
179 2356 213 2411 ab
224 2374 255 2413 eo
265 2355 314 2412 ieci
327 2357 460 2430 sponsalia
471 2357 574 2414 verbis:

96 2430 274 2505 consultoque
282 2431 322 2487 fui
335 2433 403 2487 iuris
413 2433 509 2489 Amore
518 2431 601 2489 vafer.
838 2442 862 2483 ae

59 2507 100 2564 Sit
109 2505 184 2563 fraus
194 2508 259 2564 huic
269 2525 367 2564 nomen
378 2506 459 2575 iacta,
480 2509 607 2579 dicarque
617 2503 737 2561 dolosus:

98 2582 122 2638 si
134 2591 224 2639 tamea
234 2591 283 2650 est,
295 2583 368 2657 quod
378 2601 451 2639 ames
462 2583 530 2642 velle
539 2592 645 2650 tenere,
662 2579 757 2638 dutus.

54 2658 205 2792 Hibitampr
213 2659 319 2729 sondro,
341 2659 479 2741 mittoque
488 2658 728 2742 rogandarum.

108 2754 160 2793 rm,
195 2743 236 2797 ,t
702 2746 741 2803 R
