1874 3030
249 182 460 238 HEROIDES.
489 192 543 238 ΕΡ.
555 192 599 238 XL
766 187 795 239 tt

77 289 195 361 'Debita
204 289 239 344 sit
249 288 315 346 lacto
357 292 409 346 etia
418 291 494 347 nulla
502 310 575 349 meo:

66 365 170 421 sednec
179 367 322 438 poenaqui
341 384 394 421 em.
414 366 442 422 Si
452 384 667 442 nonegocaussa
676 366 781 434 salutis,

100 457 156 496 non
169 450 259 496 tamen
268 448 316 507 est,
327 459 377 496 cur
385 450 415 496 tu
424 442 463 498 sis
472 443 541 498 mihi
553 460 646 498 caussa
658 444 742 498 necis.

66 517 116 570 llas
125 515 187 582 tibi,
197 514 349 590 plangendo
358 516 482 592 lugubria
491 525 596 591 pectora
606 517 698 584 lassas,
827 525 866 572 145

99 589 197 646 infelix
205 590 285 646 tendo
294 598 368 646 trans
378 591 443 648 freta
454 593 533 669 longa
543 611 650 648 manus.

66 667 116 721 llos
128 665 189 732 tihi,
201 665 249 738 qui
260 675 396 739 superent,
408 669 517 724 ostendo
529 678 628 725 moesta
638 668 758 740 capillos.

100 741 151 796 Per
160 739 284 796 lacrimas
294 759 349 808 oro,
360 761 429 815 quas
438 752 483 798 tua
495 742 562 799 lacta
572 752 693 814 movent,

65 813 136 870 flecte
144 825 239 882 ratem,
251 816 366 883 Theseu,
377 835 508 891 versoque
518 819 634 876 relabere
645 828 734 875 vento.

101 891 128 946 Si
140 892 218 964 prius
226 891 493 959 oeciderc,tutamen
503 912 562 950 ossa
573 894 651 951 leres.
827 905 867 948 15⁰

255 1161 515 1222 EPISTOLA
559 1164 618 1220 xl.

158 1298 386 1342 causon
435 1301 719 1344 nicaeno.

64 1416 97 1480 Si
107 1441 164 1496 qua
174 1430 262 1478 nmen
272 1423 356 1479 caecis
365 1424 492 1480 errabunt
501 1423 597 1497 scripta
609 1423 705 1493 lituris,

100 1498 202 1555 oblitus
212 1516 227 1554 a
236 1498 446 1562 dominaecaede
456 1498 563 1555 libellus
572 1501 631 1555 erit.

62 1576 160 1630 Dextra
169 1581 241 1630 tenet
248 1573 520 1639 calamum,strictum
530 1582 601 1630 tenet
609 1574 689 1631 altera
698 1574 808 1644 lerrum,

101 1657 127 1705 et
136 1650 204 1704 iacet
211 1649 240 1704 in
250 1651 352 1724 gremio
361 1649 451 1706 charta
462 1649 549 1705 soluta
559 1668 628 1706 meo.

61 1727 133 1780 llaec
144 1733 184 1779 est
193 1722 315 1781 Aeolidos
327 1724 400 1780 fratri
413 1726 553 1782 scribentis
563 1727 667 1802 imago:
854 1741 865 1783 5

101 1801 141 1856 sic
149 1799 241 1856 videor
250 1800 318 1856 duro
327 1818 404 1872 posse
414 1801 516 1873 placere
524 1802 603 1874 patri.

63 1877 123 1947 lpse
132 1874 206 1930 necis
217 1892 343 1948 cuperem
352 1885 457 1932 nostrae
465 1885 594 1949 spectator
603 1879 714 1945 adesset,

100 1951 270 2024 auctorisque
279 1951 364 2007 oculis
373 1952 522 2028 exigeretur
531 1970 609 2025 opus.

63 2027 97 2080 Ut
106 2024 180 2080 ferus
190 2033 239 2092 est,
254 2025 392 2100 multoque
401 2027 458 2082 suis
467 2028 641 2084 truculentior
650 2030 739 2099 Euris,

100 2109 231 2174 spectaret
239 2102 316 2157 siccis
326 2101 437 2158 vulnera
448 2112 537 2159 nostra
545 2105 632 2178 genis.
839 2118 865 2160 10

62 2176 169 2232 Scilicet
181 2188 221 2232 est
229 2176 341 2250 aliquid,
354 2195 416 2233 cum
426 2179 513 2233 saevis
523 2179 613 2235 vivere
622 2181 723 2236 ventis:

100 2252 211 2326 ingenio
221 2251 313 2326 populi
322 2253 446 2308 convenit
455 2253 500 2309 ille
512 2254 566 2310 sui.

61 2326 110 2382 llle
119 2329 188 2384 Noto
197 2329 380 2403 Zephyroque,
392 2336 417 2383 et
427 2328 547 2385 Sithonio
555 2329 682 2403 Aquiloni

100 2403 223 2475 imperat,
235 2410 261 2458 et
268 2403 375 2476 pennis,
385 2404 456 2458 Eure
467 2412 596 2476 proterve,
608 2407 672 2460 tuis.

61 2479 180 2550 Imperat
189 2479 242 2533 heu
251 2479 349 2543 ventis,
361 2480 477 2534 tumidae
488 2498 540 2536 non
550 2482 663 2554 imperat
672 2479 739 2536 irae:
840 2494 865 2536 ts

99 2552 220 2625 possidet
228 2563 253 2609 et
262 2554 336 2610 vitiis
345 2571 426 2628 regna
435 2556 537 2610 minora
548 2557 616 2610 suis.

48 2627 136 2695 ,Quid
145 2628 223 2684 iuvat
230 2629 364 2685 admotam
373 2646 421 2701 per
430 2647 542 2686 avorum
552 2629 661 2686 nomina
670 2631 743 2687 coelo

99 2704 172 2761 inter
181 2714 306 2778 signatos
311 2721 394 2778 posse
401 2704 501 2762 relerre
509 2704 616 2765 loucm‘l

669 2796 732 2852 M
