1868 2962
91 192 209 239 Anrrs
229 192 460 239 nunnonmn
483 194 556 242 mn.
575 196 622 243 111.
678 190 729 248 275

47 290 161 347 lecimus
171 291 282 365 placitae
292 291 343 348 late
353 293 493 365 praeeonia
503 293 611 352 formae.
710 311 783 354 ·535

37 370 123 423 lomen
133 368 212 423 habet
221 368 356 429 Nemesis:
379 367 494 455 Cynthia
505 388 600 427 nomen
614 373 702 430 habet.

37 461 83 515 per
96 451 121 497 et
129 444 199 499 ane
211 461 307 499 novere
316 443 445 519 Lycorida
461 451 558 502 terrae:

37 517 144 584 mulli,
165 519 276 591 quaesit
287 527 375 574 nostra
385 518 510 586 Corinna,
530 530 632 597 rogant.

37 596 65 659 ie,
86 593 159 666 quod
168 594 280 649 insidiae
288 594 395 650 sacrisu
406 593 512 650 vatibus
521 596 633 655 absunt:

37 678 44 723 0
56 668 118 723 iacit
127 668 160 723 ed
170 687 256 725 mores
266 687 309 723 ars
318 687 426 743 quoque
440 677 528 725 nostra
539 671 633 729 bonos.
743 682 781 731 500

47 763 96 799 nos
106 744 226 811 ambitio,
248 762 297 799 nec
307 763 356 801 nos
366 763 441 800 emor
451 755 528 820 urget
538 747 668 804 habendi:

37 827 153 874 ontemlo
162 818 259 875 colitur
269 819 351 876 lectus
361 832 387 875 et
396 820 490 876 umbra
500 821 565 878 iuro.

42 893 122 949 facile
135 894 285 962 haeremus,
303 895 444 969 validoque
453 898 607 968 perurimur
616 907 705 972 eeslu;
777 900 780 905 '

37 977 44 1023 0
54 968 169 1025 nimium
180 979 248 1026 certe
259 972 360 1026 seimus
373 988 462 1026 umere
470 972 532 1028 fide.

37 1045 85 1099 icet
95 1045 234 1119 ingenium
246 1045 350 1118 placida
360 1045 479 1102 mollitur
488 1047 522 1102 ab
532 1055 596 1115 arte,
742 1059 780 1106 505

37 1119 142 1175 istudio
152 1138 239 1176 mores
249 1121 436 1176 convenienter
444 1129 518 1177 eunt.

37 1196 94 1251 [bus
104 1195 199 1251 Aoniis
209 1195 298 1252 faciles
309 1204 398 1262 estete,
418 1194 532 1269 puellae.

37 1273 125 1326 lumen
134 1270 204 1326 inest
214 1270 282 1326 illis:
306 1272 477 1345 Pieridesque
488 1271 586 1328 favent.

37 1345 103 1401 deus
113 1346 143 1401 in
153 1346 240 1414 nobis,
261 1357 325 1402 sunt
333 1355 358 1402 et
365 1348 523 1403 commercia
534 1348 609 1403 coeli.

37 1420 132 1476 edibus
142 1421 264 1477 aetheriis
275 1423 386 1494 spiritus
396 1421 442 1476 ille
451 1422 533 1477 venit.
741 1437 779 1480 550

37 1496 96 1551 >ctis
105 1496 221 1568 pretium
230 1495 317 1551 scelus
327 1504 367 1551 est
376 1514 482 1569 sperare
490 1496 585 1568 poetis.

37 1571 59 1625 [e
69 1571 212 1626 miseruml
233 1570 321 1626 scelus
332 1572 382 1627 hoe
392 1570 466 1626 nulla
476 1569 565 1643 puella
573 1571 656 1629 limet.
715 1614 719 1618 Α

37 1644 149 1700 ‚imulate
158 1653 260 1717 lumem
282 1664 331 1702 nee
339 1647 426 1720 primu
435 1645 520 1702 fronte
529 1663 636 1719 rapaces

37 1727 81 1776 ste.
114 1721 207 1778 Novus
215 1723 274 1779 viso
284 1740 358 1778 casse
366 1723 470 1778 resistet
478 1740 581 1778 amans.

41 1813 128 1870 neque
136 1806 220 1853 reclei·
228 1816 339 1872 equum,
350 1799 399 1871 qui
409 1815 494 1870 nuper
504 1799 587 1853 sensit
596 1799 723 1868 habenas,
739 1814 778 1857 555

37 1889 79 1926 um
89 1873 200 1945 paribus
210 1872 303 1941 irenis,
324 1873 507 1946 artificemque
515 1873 598 1948 regit:

38 1947 146 2004 stabiles
159 1948 263 2006 animos
273 1949 352 2005 annis
363 1948 531 2022 viridemque
539 1946 675 2006 iuventam

36 2023 154 2097 turpius,
175 2024 246 2081 idem
259 2025 337 2081 limes
346 2023 466 2098 agendus
475 2023 533 2079 erit.

37 2100 111 2155 rudis
120 2108 146 2156 et
154 2101 246 2156 eastris
260 2118 333 2157 nune
341 2100 461 2172 primum
471 2106 549 2155 notus
559 2100 675 2166 Amoris,

37 2176 63 2230 ui
73 2176 159 2250 tetigit
167 2175 297 2233 thalamos
306 2174 404 2248 praeda
413 2173 516 2231 novella
526 2183 595 2241 tuos,
739 2187 778 2230 56⁰

37 2249 97 2306 ilum
108 2251 186 2317 norit,
207 2250 256 2305 tibi
267 2267 372 2323 semper
381 2248 516 2306 inhaereat
524 2250 572 2306 uni

37 2325 151 2400 ingenda
161 2333 201 2380 est
210 2324 270 2380 altis
281 2326 390 2398 sepibus
404 2325 454 2382 istu
463 2344 549 2402 seges.
796 2324 809 2403 3!

37 2418 72 2474 ge
84 2400 209 2456 rivalem:
230 2400 330 2468 vinces,
351 2401 418 2457 dum
428 2401 484 2458 sola
494 2400 606 2456 tenebis.

37 2477 74 2531 'on
86 2475 154 2531 bene
166 2492 229 2531 eum
239 2476 318 2532 soeiis
328 2495 410 2553 regna
422 2478 567 2548 Venusque
578 2483 693 2533 manent.

37 2559 110 2607 uetus
120 2550 197 2606 miles
208 2553 310 2607 sensim
319 2561 345 2607 et
353 2553 486 2624 sapienter
496 2550 610 2620 amabit3
738 2564 778 2606 505

37 2624 153 2697 nulleque
162 2626 241 2684 tironi
250 2645 306 2685 non
315 2627 444 2704 patienda
451 2625 531 2684 ierel.

37 2700 246 2776 rengetposles,
268 2705 659 2786 necsaevrsrgunnsmeu

606 2792 667 2848 BQ
