1868 2962
46 171 199 216 lMORUlll
218 173 288 218 LIB.
307 172 327 218 1.
345 172 403 220 ΕΒ.
418 172 445 219 8.
562 165 606 219 ill

49 366 290 425 ELEGIA
336 367 429 423 vill.

46 507 72 556 a,
93 487 258 562 (quicunque
267 488 338 545 volat
347 505 504 562 eognosaere
513 490 610 559 lenam,

46 573 75 620 ut
84 565 229 638 quaedam,
251 566 360 622 nomine
369 566 479 636 Dipsas,
500 585 578 623 anua.

46 642 147 697 ihabet.
179 641 255 715 Nigri
267 660 320 697 uon
331 640 377 695 illa
386 649 524 712 parentem
592 695 598 706 ,

46 735 52 770 ι
62 717 89 772 in
101 717 182 773 roseis
192 718 280 772 sobria
290 717 358 773 vidit
367 716 455 789 equis.

47 800 108 859 ileu,
129 793 267 865 Aeaeaque
277 793 395 848 carmina
406 792 490 858 novit,
655 807 667 849 ⁵

47 877 76 923 ut
85 869 190 940 rapidas
201 877 256 924 arte
265 876 388 924 recurvat
397 886 492 941 aquas.
676 872 679 878 '

47 943 89 998 uid
97 962 218 1017 gramen,
233 944 300 1017 quid
310 952 377 1000 torto
386 947 488 1000 concita
500 943 613 1002 rhombo

47 1019 83 1074 iid
93 1019 179 1075 valeat
187 1021 263 1076 virus
272 1021 388 1075 amantis
398 1037 492 1092 equae.

47 1103 65 1161 l,
87 1103 140 1150 toto
150 1094 333 1168 glomerantur
343 1095 435 1151 nubila
444 1095 526 1152 coelo.

50 1171 101 1235 uit,
123 1188 191 1242 puro
201 1170 285 1245 fulget
296 1171 324 1226 in
334 1171 397 1226 orbe
406 1171 474 1226 dies.
641 1182 667 1226 1⁰

47 1246 60 1300 ii
71 1264 125 1319 qua
138 1246 217 1312 fides,
238 1245 365 1302 stillantia
375 1247 461 1302 sidera
472 1245 541 1303 vidi:

47 1323 155 1377 aLunae
165 1323 296 1396 sanguine
307 1322 397 1378 vultus
410 1330 474 1378 aral.

47 1407 156 1453 elurnas
165 1415 269 1453 versam
279 1398 388 1455 volitare
398 1416 444 1470 per
453 1398 563 1454 umbras

60 1484 85 1529 et
96 1474 189 1547 pluma
199 1492 296 1546 corpus
306 1474 376 1529 anile
386 1473 448 1547 legi.

48 1550 145 1607 lfama
166 1557 215 1605 est.
255 1548 347 1605 Oculis
366 1566 474 1621 quoque
493 1548 595 1622 pupula

402 1623 503 1696 duplex
642 1638 668 1682 15

65 1710 91 1759 et
98 1701 207 1776 gemino
217 1699 308 1757 lumen
319 1700 352 1755 ab
362 1701 425 1756 orbe
434 1700 517 1757 veuit.

47 1778 93 1833 uis
103 1795 216 1850 proavos
229 1785 374 1848 atavosque
384 1776 523 1848 sepulcris,

47 1879 51 1908 ι
65 1853 144 1928 longo
152 1853 270 1909 carmine
279 1851 357 1907 findit
366 1853 492 1908 humum.

47 1930 150 2002 aposuit
160 1928 289 1984 thalamos
299 1936 427 1982 temerare
435 1927 561 2000 pudioos3

47 2004 167 2078 eloquio
176 2005 269 2079 lingua
279 2010 388 2058 nocente
396 2010 476 2059 caret.
643 2016 669 2060 2⁰

47 2083 114 2138 noui
125 2089 216 2137 testem
229 2079 311 2135 dedit.
340 2078 388 2134 Illa
397 2080 521 2136 monebat

56 2157 176 2229 duplices
185 2154 416 2213 ooculuerefores:

67 2251 126 2288 mea
137 2233 198 2298 lux.
220 2233 311 2288 iuveni
322 2232 456 2304 placuisse
465 2232 550 2288 heato.

50 2328 67 2365 u
78 2308 156 2364 vultu
165 2309 282 2365 eonstitil
292 2327 379 2381 usque
388 2317 444 2364 tuo.

48 2384 155 2440 ›laceas‘l
183 2383 254 2440 Nulli
267 2392 311 2439 lua
322 2383 405 2442 forma
416 2381 532 2438 secunda
541 2389 591 2437 est.
644 2393 669 2439 25

48 2463 97 2515 un!
119 2461 219 2535 dignus
227 2477 336 2532 corpore
345 2460 435 2515 cultus
445 2458 529 2512 abest.

48 2555 105 2602 ses,
126 2554 208 2610 quam
219 2535 425 2599 formosissima,
446 2531 553 2588 vellem.

59 2611 263 2679 talavatium,
284 2631 390 2688 pauper
400 2628 456 2668 ero.

48 2689 123 2743 uasiti
131 2689 227 2747 nocuit
238 2692 381 2751 contraria
391 2689 507 2753 uariis.
