1868 2962
41 212 44 217 -
129 179 178 234 332
373 176 625 226 cousooauio
668 149 672 156 ’

165 279 322 338 flammifera
332 278 407 354 petiit
416 295 503 352 quum
512 279 562 334 tria
571 278 673 352 templa
683 298 786 339 mauu:

128 359 292 429 Iunonisque
300 356 376 430 gravi
387 363 462 410 nocte
471 354 678 428 impavidusque
688 357 832 424 Minervae,

165 442 256 489 sancta
266 447 377 504 quoque
386 430 510 485 immensi
522 429 643 486 Caesaris
654 431 707 488 icta
717 433 824 491 domus.

74 519 113 566 ico
127 509 218 566 Sidera
249 509 296 562 uin
307 507 386 561 etiam
396 505 468 561 coeio
478 504 581 580 fugisse
590 505 730 579 ieiunium

166 527 272 640 Luciier
281 591 307 637 et
315 580 406 636 solitas
416 580 570 636 destituisse
579 580 648 637 vias.

129 659 234 715 Lucifer
244 659 272 714 in
283 665 337 713 toto
347 655 414 712 nulii
425 657 575 729 comparuit
583 657 658 724 orbe,

167 735 275 790 eivenit
286 732 362 788 steila
372 749 426 787 non
436 740 580 805 praecunia
589 731 658 788 dies.

71 845 73 850 .
129 810 229 866 Sideris
240 810 289 865 hoc
297 808 386 864 obitus
397 808 474 862 terris
485 808 582 863 instare
592 806 729 876 mouebat,

75 894 114 940 im
167 894 193 941 et
202 885 285 958 mergi
297 882 389 957 Stygia
400 882 489 938 nobile
499 881 589 938 iumen
600 898 682 956 aqua.

129 962 164 1017 At
173 970 217 1024 tu,
238 958 285 1031 qui
296 974 406 1030 superes
418 966 532 1013 moestae
541 957 635 1014 solatia
645 955 737 1026 matri,

166 1050 327 1106 comprecor,
349 1031 389 1087 iiii
405 1032 456 1103 ipsi
467 1034 632 1105 conspiciare
641 1047 741 1090 senex:

129 1129 230 1184 perque
238 1127 323 1165 annos
333 1108 478 1163 diuturnus
488 1125 532 1163 eas
542 1107 687 1183 fratrisque
696 1118 822 1184 tuomum

167 1195 193 1241 et
201 1186 274 1241 vivat
284 1194 345 1240 nato
356 1198 418 1239 oum
429 1200 492 1238 sene
502 1188 586 1238 mater
594 1198 675 1240 anus.

77 1269 115 1315 ⁴15
130 1263 263 1316 Eventum
275 1277 376 1332 precor.
407 1260 477 1314 Deus
487 1270 615 1314 excusare
627 1259 716 1332 priora

167 1335 233 1390 dum
245 1335 324 1401 volet,
345 1352 359 1388 a
370 1335 455 1390 Druso
465 1343 565 1389 caetera
577 1333 642 1391 laeta
653 1334 739 1390 dabit.

131 1412 171 1466 Tu
181 1420 269 1465 tamen
279 1426 345 1463 ausa
356 1416 430 1480 potes
440 1416 513 1466 tanto
524 1409 664 1484 induigeas
671 1408 772 1466 dolori:

168 1484 275 1560 longius
286 1493 314 1540 ut
324 1483 408 1548 noiis,
428 1484 481 1539 heu
493 1484 660 1551 malefortis,
682 1480 729 1541 aii.

130 1562 182 1617 Vix
191 1563 269 1616 etiam
281 1559 367 1616 fueras
378 1577 476 1632 paucae
486 1560 575 1615 vitalis
585 1561 612 1615 iu
624 1560 714 1626 boras,

29 1635 32 1642 '
77 1642 116 1691 420
167 1632 738 1709 obtulitinvitaequumtibiCaesaropem:

131 1710 301 1781 admovitque
312 1727 411 1780 preces,
432 1718 458 1764 et
469 1711 511 1766 ius
520 1711 668 1765 immiscuit
678 1709 748 1767 iilis:

168 1784 295 1857 aridaque
305 1785 388 1840 affusa
399 1793 507 1860 guttura
518 1786 599 1841 tinxit
607 1796 689 1858 aqua.

131 1863 185 1916 Nec
195 1862 403 1932 minoresansto
413 1862 631 1918 servaodsecura
643 1861 777 1934 parentis:
869 1932 871 1936 .

167 1937 212 1992 hic
221 1937 329 1992 adhibet
339 1937 464 2002 blandas,
486 1937 682 2002 neusineiure,
704 1948 805 2010 preces

77 2019 115 2067 425
130 2013 259 2086 Coniugis
268 2022 294 2066 et
304 2014 356 2068 nati
369 2015 493 2067 meritum
504 2011 669 2085 pervenitad
677 2022 786 2068 omnes:

167 2087 290 2158 coniugis
299 2095 325 2140 ei
336 2087 400 2146 uati.
423 2088 507 2151 Livia,
528 2097 729 2160 eoepeeopees.

131 2161 274 2232 Supprime
285 2161 337 2215 iam
351 2160 482 2216 lacrimas.
503 2158 561 2219 Nou
573 2172 613 2217 esi
622 2161 782 2218 revocabilis
792 2161 856 2226 istis,

167 2253 247 2308 quem
259 2235 339 2291 semei
355 2237 498 2293 umbrifera
510 2247 597 2293 navita
613 2237 692 2293 lintre
701 2236 774 2292 tulit.

130 2313 237 2368 Hectora
248 2312 396 2376 cotiaeum,
418 2321 454 2367 tot
463 2312 590 2368 deflevere
599 2322 718 2382 coaeum

76 2391 115 2439 iao
167 2397 192 2442 et
203 2397 288 2460 pater,
309 2389 455 2452 ciconias,
477 2390 668 2464 Astyanaxque
678 2404 760 2461 puer3

131 2469 156 2516 et
166 2461 291 2536 longaeva
303 2480 408 2534 parcos.
432 2463 531 2520 Tamen
544 2463 588 2519 iile
599 2464 733 2519 redemtus
743 2464 778 2520 ad
788 2464 874 2540 ignes;

168 2538 295 2611 nullaque
306 2556 352 2610 per
361 2539 466 2614 Stygias
478 2541 571 2594 umbra
583 2541 686 2596 cenavit
695 2551 791 2612 aquas.

124 2612 245 2694 Contigit
256 2616 305 2677 hoc
315 2617 396 2674 eiiam
406 2614 528 2673 iusticia.
552 2613 695 2684 Poouicme
709 2615 822 2668 semiim

151 2693 237 2756 Iliaca
252 2698 395 2759 ambustis
409 2693 526 2756 ossibus
540 2683 728 2757 amaoiemie.
