1868 2962
136 110 187 164 288
317 113 347 158 P.
369 110 499 159 ov1n11
517 111 687 159 NASONIS

136 217 191 270 Aut
203 230 280 278 nova,
301 211 325 267 si
336 212 436 286 possis,
455 212 547 268 sedare
556 213 680 268 incendia
691 218 785 276 tentes,

173 296 220 344 aut
228 287 276 343 ubi
286 303 334 361 per
343 289 413 345 vires
423 288 587 362 procubuere
597 305 672 343 suas.

136 365 207 419 Dum
216 362 290 420 furor
299 363 328 420 iu
337 382 419 420 cursu
430 372 478 429 est,
497 363 614 418 currenti
624 363 687 418 cede
697 361 789 418 iurori.

74 446 121 495 '¹20
173 437 299 495 Difficiles
309 439 396 495 aditus
406 439 521 512 impetus
530 439 620 494 omnis
633 438 724 493 babet.

137 512 251 580 Stultus,
270 515 304 571 ab
313 514 422 586 obliquo
431 513 480 586 qui
489 530 575 586 quum
586 513 746 568 descendere
754 531 788 586 po

176 596 280 664 pugnat
288 590 316 645 iu
326 588 451 655 adversas
462 590 499 644 ire
509 597 611 644 nautor
621 605 717 661 aquas.

139 665 283 738 Impatiens
293 664 416 730 animus,
437 663 787 721 necadhuotraeubilisau

102 792 106 797 .
176 733 288 811 respuit,
307 738 457 813 atqueodio
466 741 547 795 verba
558 739 693 794 mouentis
705 739 783 795 habet

85 826 125 871 ¹25
139 813 286 890 Aggredior
295 815 392 870 meiius
403 822 476 881 tuuc,
518 832 584 870 uum
594 831 645 869 sua
655 813 786 870 vulnerat

176 892 231 945 iam
241 890 319 955 siuet,
335 889 440 945 etveris
450 890 507 945 voci
529 908 562 945 us
572 898 652 962 aptus
661 890 722 945 erit.

140 962 207 1032 Quia
219 972 347 1033 matrem,
367 964 419 1020 uisi
430 965 528 1020 mentis
541 967 629 1037 inope,
651 964 681 1020 in
695 963 785 1020 iuuere

177 1038 238 1096 flere
247 1038 336 1096 vetat?
362 1038 784 1098 Naubocillamoueudulocoes

139 1114 231 1183 Quum
249 1114 351 1172 dederit
368 1115 506 1183 lacrimas,
531 1114 710 1187 animumque
728 1115 784 1189 exp?

539 1194 551 1224 ⁸
598 1208 628 1246 ae
682 1208 725 1262 m;

86 1274 126 1321 rau
179 1264 223 1320 ille
232 1265 307 1322 dolor
315 1265 405 1322 verbis
413 1265 607 1322 emoderandus
617 1207 680 1323 gitta

139 1339 317 1413 Temporibus
339 1340 471 1398 medicina
493 1341 578 1400 valet:
607 1340 668 1397 dau
691 1349 780 1416 tempo

600 1424 673 1483 sumt¹

177 1499 203 1546 et
212 1491 272 1548 data
283 1510 337 1549 uon
346 1501 408 1566 apto
417 1500 535 1566 tempore
544 1493 607 1550 vina
619 1501 724 1550 nocent.

141 1564 212 1632 Quin
226 1568 305 1623 etiam
316 1569 443 1624 accendas
453 1569 528 1634 vitia,
549 1569 691 1642 irritasque
700 1575 780 1625 vetau

178 1643 343 1715 temporibus
353 1645 376 1698 ai
387 1661 440 1699 nou
452 1645 606 1719 aggrediare
617 1645 687 1700 suis.
712 1677 717 1687 ·
734 1704 737 1709 ,

87 1727 126 1771 1³5
140 1716 221 1846 Εῑῗο,
243 1717 291 1772 ubi
303 1718 379 1773 visus
388 1719 441 1773 eris
454 1729 543 1775 nostra
554 1718 721 1776 medicabilis
732 1729 779 1774 arti

189 1808 219 1846 ac
229 1793 337 1849 monitis
347 1792 435 1870 fugias
445 1795 497 1850 otia
507 1796 595 1867 prima
605 1796 683 1851 meis.

140 1868 218 1933 Haeo,
240 1877 270 1924 ut
279 1887 362 1936 ames,
382 1869 497 1929 iaciunt:
519 1871 593 1935 haec,
613 1870 747 1936 utieoere,
767 1877 778 1924 t

178 1943 243 1998 haec
254 1955 319 2001 suut
327 1945 436 2000 iucundi
448 1963 543 2000 caussa
552 1945 685 2017 cibusque
696 1943 771 1999 mali.

141 2017 200 2073 Otia
209 2019 233 2073 si
243 2018 330 2085 tuliae,
348 2021 453 2092 periere
463 2020 606 2093 Cupidinis
616 2038 706 2086 arcus,

87 2099 126 2146 ric
178 2102 377 2167 contemtaeque
386 2096 473 2152 iacent
482 2105 507 2152 et
516 2097 574 2152 siue
585 2095 643 2152 iuce
654 2095 734 2152 iaces.

141 2167 227 2236 Quam
238 2168 363 2242 platanus
372 2171 431 2228 rivo
439 2171 547 2246 gaudet,
568 2189 651 2244 quam
661 2169 776 2244 populua

179 2256 204 2299 et
215 2262 298 2318 quam
309 2245 404 2302 limosa
417 2264 501 2304 canna
513 2246 641 2320 palustris
650 2247 752 2303 humo:

141 2325 196 2374 tam
205 2321 297 2376 Venus
308 2320 361 2391 otia
371 2330 452 2378 amat.
480 2323 573 2379 Finem
582 2323 630 2396 qui
640 2322 775 2395 quaerisa

178 2395 436 2466 ccditamorrebuc3
456 2415 571 2474 recage:
592 2406 668 2455 tutus
677 2399 741 2453 eris.

88 2471 127 2520 1⁴5
139 2467 276 2543 Languor,
296 2484 322 2528 et
331 2472 467 2530 immodici
478 2474 530 2529 sub
542 2474 617 2530 uuiio
626 2472 733 2530 vindice
745 2489 773 2530 ea

177 2541 300 2623 adeoque,
321 2558 349 2608 et
356 2547 443 2607 muito
450 2557 571 2620 temuora
578 2567 677 2621 quassa
687 2565 771 2615 mero,

130 2623 370 2702 eripiuntomuee
379 2626 474 2688 auimo
482 2623 757 2692 dueaduerea'xm*

128 2860 255 2879 Α..
