1868 2962
126 187 177 243 202
311 187 340 234 P.
363 184 678 232 0v1n111easouls

126 291 193 347 Ossa
203 288 302 362 quieta,
323 304 425 359 precor,
447 293 503 341 tuta
512 284 669 357 requiescite
678 284 707 339 in
717 301 785 340 urna

163 373 189 420 et
198 365 233 419 sit
243 364 345 419 humus
355 362 438 418 cineri
449 379 504 418 non
513 377 624 418 onerosa
635 367 692 416 tuo.

329 536 570 596 ELEGIA
622 538 669 593 X„

127 654 231 717 Annua
241 666 372 716 venerunt
380 658 495 715 Cerealis
504 667 622 730 tempera
631 656 712 714 sacri.

167 736 281 792 Secubat
290 735 318 790 iu
328 751 413 790 vacuo
422 734 478 790 sola
488 733 577 807 puella
587 742 654 790 tere.

129 812 209 868 Flava
220 811 312 876 Ceres,
334 817 426 865 tenues
437 810 519 883 spicis
529 809 651 864 redimita
660 805 785 881 capillos.

165 905 214 943 cur
224 885 330 941 inhibes
340 885 423 940 sacris
432 884 570 941 commoda
581 892 671 940 nostra
681 881 757 940 tuis?

75 978 86 1018 5
129 965 174 1029 Te,
195 962 254 1026 dea,
276 960 432 1015 munificam
442 968 535 1037 gentes
544 960 704 1032 ubicunque
714 957 868 1034 lequuntur:

167 1054 215 1093 nec
225 1036 317 1091 minus
327 1035 455 1091 humanis
466 1034 568 1093 invidet
575 1034 632 1090 ulla
641 1035 731 1091 bouis.

131 1113 199 1169 ants
208 1129 258 1168 nec
266 1110 365 1166 hirsuti
374 1112 509 1167 torrebant
517 1111 587 1166 farra
596 1108 700 1167 coloni:

168 1205 216 1244 uec
227 1195 320 1243 notum
333 1187 409 1242 terris
419 1205 478 1243 area
488 1203 587 1243 nomen
596 1194 666 1243 erat:

130 1264 176 1319 sed
185 1262 312 1337 glandem
322 1279 448 1334 quercus,
468 1261 574 1319 oracula
587 1261 685 1334 prima,
707 1260 838 1318 ferebant:

77 1353 101 1395 tu
169 1338 233 1393 haec
242 1344 307 1404 erat,
328 1344 354 1392 et
362 1338 445 1407 teneri
454 1337 563 1410 cespitis
574 1337 667 1404 herba,
688 1336 779 1392 cibus.

131 1415 219 1469 Prima
230 1412 308 1469 Ceres
318 1410 408 1468 docuit
417 1420 567 1487 turgescere
576 1430 668 1468 semen
679 1411 709 1468 in
722 1412 811 1487 agris5

169 1489 235 1545 falce
243 1487 371 1545 coloratas
381 1489 573 1562 subsecuitque
584 1505 684 1545 eomas.

131 1565 220 1621 Prima
231 1565 302 1640 iugis
312 1572 401 1622 tauros
413 1582 563 1638 supponere
571 1563 638 1620 eolla
647 1563 747 1639 eoe'giu

169 1649 195 1695 et
204 1649 319 1696 veterem
333 1658 417 1698 curvo
425 1641 504 1696 dente
514 1639 617 1696 revellit
626 1640 754 1694 humum.

78 1730 103 1770 tt
132 1718 206 1770 Hauc
214 1716 361 1788 quisquam
372 1715 489 1772 lacrimis
500 1716 590 1772 laetari
600 1715 684 1771 credit
693 1720 842 1780 amantum,

170 1798 196 1844 et
205 1790 273 1845 bene
281 1792 420 1848 tormentis
433 1790 610 1865 secubituque
619 1789 689 1848 colii

133 1867 187 1921 Nee
196 1872 286 1921 tamen
295 1874 343 1934 est,
364 1868 490 1942 quamvis
501 1885 578 1942 agros
589 1872 659 1922 amet
669 1865 715 1921 illa
726 1865 834 1931 feraces,

170 1941 283 1997 rustica:
305 1943 476 2000 necviduum
487 1950 579 2016 pectus
589 1941 687 1998 amoris
697 1941 789 1998 babet.

134 2017 222 2073 Cretes
233 2024 414 2086 eruuttestes‚
435 2018 494 2093 (nec
502 2019 610 2092 fingunt
619 2018 710 2073 omnia
720 2016 811 2072 Cretes
818 2015 836 2090 τ)

79 2106 104 2150 20
171 2092 274 2158 Cretes,
296 2095 395 2149 nutrito
405 2102 471 2150 terra
481 2094 597 2167 superba
606 2095 677 2149 love.

134 2169 204 2235 Illic,
226 2167 355 2236 sideream
365 2170 460 2225 muudi
471 2171 519 2243 qui
529 2175 659 2241 temperat
670 2185 770 2236 arcem,

171 2244 287 2320 exiguus
297 2251 385 2299 tenero
396 2244 436 2300 lac
448 2246 517 2301 bibit
526 2263 570 2302 ore
579 2263 656 2319 puer.

134 2321 231 2394 Magna
241 2320 307 2374 fides
317 2320 391 2374 testi:
412 2320 751 2376 testislaudaturalumno.

172 2397 316 2451 Fassuram
327 2395 447 2452 Cererem
457 2397 570 2452 crimina
581 2403 641 2451 ncta
651 2403 726 2467 puto.

81 2481 107 2524 25
135 2470 242 2526 Viderat
251 2472 351 2526 Iasium
361 2471 467 2526 Cretaea
477 2471 539 2527 diva
549 2472 602 2526 sub
612 2470 657 2525 Ida

94 2551 95 2555 ’
175 2546 300 2619 figentem
310 2554 379 2602 certa
389 2553 462 2619 terga
473 2545 556 2601 terina
566 2562 658 2601 manu.

136 2619 221 2688 Vidit,
242 2629 269 2677 et
278 2630 309 2677 ut
318 2630 423 2679 tenerae
431 2619 687 2691 flammamrauuere
696 2617 840 2685 medullae.

159 2697 231 2758 binc
237 2699 349 2776 pudor,
373 2693 781 2772 exillauartetrabebatamcr.
