1868 2962
216 134 219 139 ’
253 137 457 186 HEROIDES.
476 141 532 186 ΕΡ.
548 140 614 188 VIII.
773 137 805 189 39

98 245 165 293 tecta
176 239 333 304 cruentavit,
354 256 423 312 quae
433 248 507 311 pater
516 250 575 296 ante
584 249 658 296 tuus.

64 311 327 385 Increpatdeacides,
349 313 508 387 laudemque
518 315 546 370 in
554 315 666 372 crimina
676 317 767 387 vertit3
836 332 861 372 cc

96 396 223 444 ettamen
234 387 373 460 adspectus
384 390 498 446 sustinet
506 389 550 444 ille
559 407 642 446 mens.

64 464 193 536 Rumpor,
213 471 240 518 et
248 480 293 519 ora
304 464 370 519 mihi
378 466 476 537 pariter
484 482 547 519 cum
560 476 646 521 mente
656 473 821 523 tumescunt:

96 547 261 612 pectoraque
269 538 380 594 inclusis
390 540 500 614 ignibus
509 547 569 594 usta
579 538 676 596 dolent.

64 613 205 671 Hermione
214 631 303 669 coram
314 614 498 687 quidquamne
507 615 618 670 obiectet
627 614 751 670 Orestael

97 691 154 745 Nec
163 689 231 744 mihi
242 690 305 744 surit
313 689 397 758 vires3
419 688 721 746 neclerusensisadest.
835 703 860 747 tt

64 763 137 820 Flere
147 763 210 820 licat
218 771 301 820 certa:
322 762 409 820 flendo
418 764 595 820 diffundimus
605 765 687 820 iram:

97 856 202 913 perque
211 839 286 894 alnus
314 837 444 906 lacrimae,
456 838 575 895 llumiuis
585 840 679 906 instar,
693 847 766 897 eunt.

63 915 114 971 Has
124 913 197 972 solas
210 913 418 985 habeosemper,
439 930 597 988 semperque
606 914 738 988 profundo

97 991 219 1047 llument
227 988 342 1044 incultae
354 987 424 1044 fonto
436 1006 550 1062 perenne
562 1007 655 1064 genae.

63 1065 115 1122 Hoc
124 1064 232 1141 generis
242 1062 303 1131 lato,
324 1063 397 1137 quod
406 1071 508 1125 nostros
517 1063 596 1120 durat
604 1065 632 1120 iu
642 1083 736 1133 annos,
835 1078 861 1121 tt

99 1138 254 1196 Tantalides
264 1146 361 1194 matres
371 1148 431 1212 apta
441 1139 534 1211 rapina
546 1157 653 1196 sumum

63 1216 122 1272 Non
131 1232 182 1290 ego
192 1213 312 1270 fluminei
322 1214 431 1269 referam
443 1213 579 1269 mendacia
588 1215 682 1289 cygni:

99 1307 150 1347 nec
159 1294 258 1363 qderar
267 1289 295 1345 in
305 1288 406 1361 plumis
415 1289 551 1345 delituisse
560 1292 659 1348 lovem.

64 1365 121 1434 Qua
130 1365 187 1422 duo
195 1374 330 1437 porrectus
341 1364 418 1440 longe
427 1365 491 1421 freta
504 1364 612 1420 distinet
624 1365 747 1432 Isthmos,

99 1449 175 1497 vecta
184 1441 331 1515 peregrinis
343 1441 518 1513 Hippodamia
527 1441 601 1497 rotis.
834 1452 860 1496 tt

64 1517 164 1573 Castori
175 1514 318 1590 Amyclaea
328 1524 353 1570 et
365 1514 507 1588 Amyclaeo
520 1514 620 1570 Polluci

93 1591 204 1646 reddita
214 1591 349 1663 Mopsopia
356 1591 485 1664 Tyndaris
494 1589 561 1645 urbe
573 1606 656 1646 soror.

64 1665 208 1740 Tyndaris,
221 1666 297 1721 ldaeo
306 1672 378 1721 trans
388 1683 487 1739 aequor
497 1666 530 1721 ab
540 1664 643 1737 hospita
652 1666 735 1736 rapta,

100 1739 239 1814 Argolicas
248 1758 297 1813 pro
306 1759 337 1796 se
343 1742 421 1797 vertit
429 1741 457 1797 iu
471 1759 545 1797 arma
558 1757 664 1795 manus.

66 1817 115 1872 vix
121 1814 247 1888 equidem
256 1816 366 1872 memini
376 1836 382 1886 ;
394 1816 504 1872 memini
515 1825 602 1871 tamen
611 1837 617 1871 :
627 1814 717 1870 omnia
726 1814 823 1881 luctus,
835 1825 861 1868 ts

100 1891 193 1947 omnia
203 1889 308 1946 solliciti
320 1890 398 1962 plena
408 1892 511 1950 timoris
523 1897 606 1946 erant.

64 1965 157 2022 Flebat
166 1982 243 2031 avus,
269 1964 400 2040 flebatque
421 1984 503 2032 soror,
518 1965 663 2038 fratresque
672 1963 791 2039 gemelli:

100 2041 194 2097 orabat
206 2057 316 2113 superos
327 2040 407 2106 Leda,
427 2059 562 2114 suumque
571 2043 670 2097 lovem.

64 2118 124 2190 Ipsa
135 2133 194 2190 ego,
216 2133 269 2171 non
280 2114 372 2190 longos
383 2117 463 2171 etiam
473 2134 546 2171 nunc
555 2117 638 2172 scissa
647 2113 767 2187 capillos,

100 2189 260 2257 clamabam,
281 2190 406 2256 Sineme,
427 2191 544 2258 mesine,
566 2198 657 2257 mater,
678 2186 754 2245 abis‘l
836 2199 861 2242 tt

64 2267 134 2321 Nam
144 2265 244 2322 coniux
253 2265 351 2321 aberat.
391 2264 737 2340 NenonPelopeIacredar,

103 2357 164 2396 ecco
172 2339 341 2414 Neoptolemo
350 2341 445 2413 praeda
455 2351 545 2414 parata
557 2341 607 2397 lui.

65 2415 169 2472 Pelides
179 2417 282 2472 utinam
292 2417 400 2472 vitasset
408 2416 539 2489 Apollinis
550 2415 641 2473 arcusl

102 2493 245 2548 Damnaret
254 2492 308 2547 nati
318 2490 384 2547 iacta
393 2501 514 2565 proterva
523 2500 606 2564 pater.

65 2567 121 2621 Nec
130 2566 265 2638 quondam
276 2566 384 2638 placuit,
406 2585 454 2624 nec
463 2585 536 2622 nunc
545 2563 688 2639 placuisset
696 2559 807 2631 Achilli,
838 2573 864 2615 aa

103 2640 214 2694 abducta
227 2642 338 2697 viduum
348 2644 466 2722 coniuge
474 2641 539 2703 llere
546 2641 653 2701 virum.
