1868 2962
210 185 375 233 Anionem
392 185 462 231 ΜΒ.
482 186 524 232 111.
544 188 599 231 nn.
617 188 662 234 -11,
759 184 809 239 203

56 285 152 342 Victus
164 301 253 341 amore
262 285 358 358 pudor.
391 285 484 341 Sulcos
494 304 565 340 arere
574 287 686 354 videres,

95 369 121 415 et
131 368 189 416 sata
199 379 263 416 eum
272 361 384 416 minima
394 368 468 432 parte
478 361 564 415 redire
573 364 626 417 sui.
837 379 862 420 en

56 435 151 504 Quum
161 436 229 491 bene
239 437 326 492 iactati
335 435 478 508 pulsarunt
488 455 550 492 arva
561 436 672 510 ligones,

95 518 206 584 ruperat
214 520 240 566 et
249 511 344 566 durem
354 529 446 568 vomer
456 511 577 567 aduncus
591 513 716 581 humum,

56 588 218 659 seminaque
227 587 256 641 in
269 586 335 643 latos
346 587 431 642 ierant
440 587 584 659 aequaliter
593 605 686 662 agrosp

95 662 171 718 irrita
180 661 282 734 decepti
291 670 351 718 vote
360 662 470 718 nolentis
483 670 566 718 erant.

55 739 134 804 Diva,
156 745 250 810 potens
261 737 380 811 frugum,
401 738 478 792 silvis
490 738 593 792 errabat
603 738 631 793 in
646 739 721 794 eltis:
835 754 861 796 35

96 811 249 868 deciderant
260 812 354 886 longae
363 813 450 885 spicea
460 821 528 867 serta
538 830 638 869 eomee.

57 886 121 944 Sola
131 886 183 943 fuit
191 886 267 945 Crete
277 886 390 944 seeundo
399 886 494 942 fertilis
504 906 584 944 anno.

96 962 209 1030 Omnia,
230 961 498 1036 quntulerntseden‚
520 964 615 1018 messis
625 971 709 1020 erant,

56 1040 119 1112 Ipse
129 1037 204 1094 locus
213 1056 354 1094 nemorum
364 1037 474 1093 'canebat
487 1038 610 1112 frugibus
621 1040 675 1106 lde,

94 1120 121 1168 et
131 1111 203 1169 ferus
213 1113 243 1169 in
253 1113 321 1169 silve
331 1112 400 1168 farra
411 1113 525 1168 metebat
533 1131 605 1185 aper.
834 1123 859 1168 en

55 1187 167 1262 Optavit
176 1188 263 1245 Minos
272 1187 375 1244 similes
384 1188 437 1243 sibi
449 1187 540 1263 legifer
549 1206 647 1244 annos:

94 1264 205 1337 optavit,
228 1263 329 1320 Cereris
340 1263 554 1338 longusutesset
564 1282 647 1320 amor.

55 1339 111 1407 Qui
122 1339 171 1394 tibi
182 1339 317 1395 secubitus
327 1339 424 1406 tristes,
446 1339 494 1394 dea
507 1339 584 1405 flava,
605 1339 728 1406 fuissent,

94 1415 146 1470 hoe
155 1431 235 1489 negor
243 1415 325 1470 sacris
335 1431 408 1470 nunc
417 1433 466 1490 ego
476 1414 542 1469 ferre
552 1415 615 1469 tuis.

56 1489 244 1565 Curegosum
253 1490 347 1556 tristis,
368 1506 455 1562 quum
465 1490 558 1544 sittibi
570 1496 629 1544 nata
640 1497 755 1561 reperta3
833 1498 858 1543 45

95 1583 245 1640 regnaque,
265 1583 349 1638 quam
359 1565 448 1631 Iun0‚·
461 1572 531 1620 sorte
540 1564 643 1619 minora
653 1563 744 1639 regat?

55 1642 135 1697 Festa
154 1639 212 1697 dies
230 1640 415 1714 Veneremque
432 1647 522 1706 vocat,
552 1647 701 1712 cantusque
719 1656 776 1694 me-

591 1732 716 1788 rumque.

94 1792 165 1848 Haec
177 1789 250 1848 deeet
262 1790 295 1847 ad
304 1790 428 1847 dominos
438 1808 549 1847 munera
560 1789 626 1846 ferre
634 1790 707 1848 deos.

260 1966 502 2024 ELEGIA
547 1966 607 2023 xl.

55 2079 150 2144 Multa
159 2087 261 2161 diuque
270 2087 336 2145 tuli:
357 2088 430 2144 vitiis
439 2087 642 2160 patientiavicta
653 2096 701 2146 est.

94 2162 165 2220 Cede
174 2161 282 2238 fatigato
290 2172 409 2236 pectore,
430 2163 517 2235 turpis
526 2163 619 2220 Amor.

55 2237 164 2294 Scilicet
172 2238 275 2294 asserui
285 2239 339 2295 iam
349 2257 407 2305 me,
428 2239 544 2312 rupique
553 2247 672 2295 catenas:

93 2321 120 2369 et
129 2331 199 2386 quae
208 2332 261 2371 nnn
271 2315 369 2386 puduit
377 2314 459 2381 ferre,
479 2314 573 2370 tulisse
582 2315 674 2386 pudet.

54 2388 194 2448 Vicimus:
215 2397 241 2444 et
253 2390 386 2446 domitum
394 2390 509 2462 pedibus
519 2389 653 2445 calcemus
664 2387 799 2444 Amorem.
847 2401 858 2441 5

92 2465 232 2521 Venerunt
240 2465 321 2536 capiti
331 2482 430 2520 cornua
439 2482 497 2520 sera
507 2483 576 2520 men.

54 2537 158 2605 Perfer,
180 2547 206 2594 et
213 2539 331 2595 obdura:
351 2539 426 2596 dolor
436 2540 480 2595 hie
489 2540 538 2594 tibi
549 2537 667 2610 proderit
676 2535 752 2593 elim.

92 2613 178 2687 Saepe
186 2614 250 2669 tulit
259 2613 338 2669 lassis
347 2632 444 2672 suenus
455 2631 565 2672 emerne
574 2628 667 2688 onem.

48 2689 325 2762 Ergoegoenetinm',
347 2690 459 2754 foribus
469 2701 529 2753 tem
538 2687 784 2771 menerenmene„
