1868 2962
134 134 183 193 472
319 141 350 189 r.
372 138 499 189 ovrnn
516 141 685 189 ursonis

80 259 104 300 15
132 247 186 301 Nec
198 260 291 299 casum
300 242 406 299 fortuna
418 242 486 298 mois
500 241 648 297 immiscuit
660 245 738 300 actis.
792 247 796 255 ’

170 318 312 385 Huoades,
332 326 517 391 ocuraparte,
539 318 701 390 Triumphe,
724 337 794 375 mea.

132 393 258 451 Necbelli
268 402 309 450 est
318 412 387 450 nova
397 411 491 449 caussa
504 393 568 448 mei.
600 393 660 449 Nisi
669 403 745 466 rapta
756 394 828 451 fuiss

169 469 315 544 Tyndaris,
335 470 457 542 Europae
465 487 519 541 pax
530 468 662 542 Asiaeque
672 469 748 526 ioret.

132 545 243 602 Femina
251 544 386 602 silvestres
395 545 532 618 Lapithas,
542 544 731 618 populumque
739 545 828 603 biforn

78 634 103 676 2⁰
168 621 280 694 turpiter
290 620 410 696 apposito
419 620 498 677 vertit
507 620 536 675 in
545 639 619 677 arma
629 630 713 677 mero.

134 697 243 753 Femina
253 697 381 753 Troianos
394 697 491 752 iterum
502 695 556 751 fera
568 694 637 751 bolla
647 715 756 754 movere
783 748 786 753 .

170 772 279 846 impulit
286 772 316 827 in
327 789 424 859 regno,
444 771 514 827 iuste
524 771 630 837 Latine,
651 779 707 828 tuo.

132 848 243 908 Femina
252 848 394 913 Romanis,
414 845 568 902 etiamnunc
578 845 647 902 Urbe
657 849 766 913 recenti,

169 923 283 977 immisit
291 939 409 987 soceros,
431 938 559 993 armaque
568 939 645 976 saeva
654 921 737 977 dedit.

78 1010 103 1052 25
131 997 192 1055 Vidi
202 1015 250 1071 ago
258 1014 308 1069 pro
318 997 395 1053 nivea
404 1005 555 1072 pugnantes
564 997 677 1071 coniuge
687 1006 795 1054 tauros:

168 1072 310 1146 spectatrix
322 1072 426 1129 animos
436 1072 494 1145 ipsa
504 1071 617 1128 iuvenca
626 1071 716 1128 dabat.

132 1149 363 1222 Mequoquecum
373 1146 476 1215 multis,
496 1147 544 1203 sed
553 1147 663 1222 mesine
673 1148 762 1216 caede,
777 1149 828 1221 Cu1

169 1224 249 1280 iussit
260 1223 371 1282 militiae
380 1223 459 1299 signa
468 1240 575 1280 movere
584 1240 658 1280 suae.

313 1400 554 1458 uincla
600 1382 711 1456 xm.¹

131 1515 211 1581 Dum
221 1522 358 1580 labefactat
366 1541 436 1580 onus
444 1521 549 1597 gravidi
558 1522 694 1577 temeraria
704 1523 818 1590 ventris,

169 1600 198 1656 in
208 1600 291 1656 dubio
300 1600 369 1655 vitae
380 1599 449 1654 lassa
460 1598 575 1655 Corinna
585 1598 660 1653 iacet.

130 1674 178 1731 Illa
189 1675 313 1748 quidem,
334 1673 403 1729 clam
413 1691 457 1728 me
466 1681 571 1729 tentum
581 1672 672 1729 molita
679 1673 784 1746 pericli,

168 1748 297 1823 iradigna
307 1766 366 1804 mea
376 1756 430 1803 est:
451 1749 497 1803 sed
507 1749 578 1804 cadit
586 1749 625 1804 ira
638 1756 721 1804 metu.

78 1837 89 1879 5
131 1825 280 1881 Sedtamen
290 1831 337 1879 aul
348 1841 382 1878 ex
392 1841 435 1879 me
444 1833 611 1896 conceperat,
632 1826 827 1899 autegooredo

167 1901 215 1954 Est
225 1899 292 1954 mihi
301 1918 351 1973 pro
363 1899 429 1957 facto
440 1917 532 1972 saepe,
554 1899 626 1973 quod
635 1917 695 1955 esse
701 1907 799 1972 potest.

130 1977 180 2041 Isi,
204 1975 388 2032 Paraetonium
397 1974 566 2051 genialiaque
579 1993 643 2032 arva
657 1974 760 2048 Canopi

167 2068 236 2124 quae
245 2050 320 2118 colis,
332 2060 361 2107 et'
367 2052 514 2124 Memphin,
525 2050 748 2124 palmiferamque
758 2052 828 2109 Phar

131 2143 239 2200 quaque
265 2125 334 2182 celer
345 2126 396 2183 lato
406 2126 485 2183 Nilus
495 2127 621 2200 delapsus
634 2127 663 2183 in
672 2127 749 2183 alveo

78 2213 102 2256 ro
167 2220 215 2275 per
227 2209 328 2274 septem
337 2211 429 2274 portus
440 2203 468 2259 in
478 2203 561 2258 maris
571 2204 625 2259 exit
637 2220 737 2275 aquas;
798 2200 800 2205 ’

130 2279 233 2350 pertua
246 2280 324 2333 sistra
337 2295 444 2349 precor,
465 2297 513 2352 per
524 2279 660 2335 Anubidis
669 2297 714 2334 ora
725 2277 826 2335 verend

169 2354 208 2409 sic
220 2363 266 2411 tua
278 2370 351 2410 sacra
361 2353 424 2426 pius
434 2371 539 2427 semper
547 2353 633 2412 Osiris
643 2361 723 2421 amet,

131 2429 261 2503 pigraque
272 2429 375 2485 labatur
384 2428 485 2484 circum
495 2429 604 2487 donaria
614 2447 734 2503 serpens,

76 2563 78 2566 ,
169 2512 194 2558 et
202 2523 290 2563 comes
299 2505 435 2578 inpompa
447 2507 569 2580 corniger
581 2505 647 2577 Apis
661 2513 716 2560 eat:

72 2591 101 2634 15
125 2579 407 2651 connumeramus,
430 2589 456 2638 et
464 2580 495 2636 in
503 2599 560 2637 una
568 2598 645 2654 parce
654 2580 772 2636 duobus.

153 2658 227 2716 Nam
241 2659 329 2721 vllam
341 2661 474 2729 dominae
481 2666 515 2716 tu
526 2657 625 2724 oanis,
639 2653 781 2708 ilianum.
