1868 2962
266 169 473 216 HEROIDES.
491 166 546 216 ΕΡ.
561 169 617 218 VII.
781 167 812 218 33

66 271 170 329 Perdite
180 269 332 342 neperdem
344 270 432 334 timeo,
453 268 721 339 noceamvenoeenti3

102 364 158 402 neu
166 345 242 401 bibes
252 360 398 417 aequoreus
408 343 555 418 naufragus
564 344 647 401 hostis
657 362 752 419 eques.

66 423 143 488 Vive,
163 436 269 493 precer:
291 421 331 474 sic
339 426 365 474 te
377 417 483 486 melius,
494 432 578 493 quam
587 418 688 488 funere,
698 420 818 493 perdam.

100 498 146 564 :l'u
154 496 244 568 potins
256 495 301 550 leti
311 511 405 551 neusse
417 493 500 550 ferere
510 495 574 550 mei.

65 573 162 647 Finge,
174 587 231 645 ege,
244 578 268 625 te
278 570 370 642 repide
379 569 495 644 (nulium
504 569 540 625 eit
549 569 577 625 in
588 570 677 625 emine
686 571 791 642 pondus
799 572 816 645 1)
841 584 865 627 es

104 645 212 702 turbine
221 645 362 718 deprendi:
382 644 450 717 quid
465 645 512 700 tibi
522 644 620 700 mentis
629 644 695 699 erit?

65 721 191 779 Protinus
200 717 426 784 eccuneutialsae
434 720 550 792 periuris
565 718 682 794 linguae,

104 805 130 852 et
140 795 256 871 Phrygia
267 795 335 851 bido
344 794 437 850 frende
445 803 533 854 coacte
543 794 621 850 meri.

66 872 197 947 Coniugis
204 879 265 926 ente
273 870 363 927 ocuies
375 870 496 942 deceptae
510 871 590 926 stdbit
601 871 690 944 imago

102 947 197 1012 tristis,
218 942 555 1020 steffusissenguinolente
564 944 657 1001 comis.

66 1021 206 1095 Quidquid
216 1020 303 1087 idest,
317 1029 402 1076 tntum
413 1021 508 1086 merui,
528 1020 671 1086 οοηοεάίῑε,
692 1020 780 1076 dices:

102 1092 338 1172 quaequscedent‚
359 1095 387 1152 in
400 1094 547 1151 tefulmina
557 1095 638 1150 misse
648 1103 736 1167 putes.

66 1173 103 1230 De
115 1173 197 1230 breve
205 1171 329 1227 saevitiae
338 1172 455 1259 spptium
464 1170 606 1245 pelagique
614 1178 741 1243 tuaeque:

67 1265 137 1379 nd
130 1247 205 1378 dd
208 1245 701 1403 ddeizbbbbbdbz³1bf⁵³·

104 1397 215 1454 Tenetis
224 1396 381 1452 esttitulum
390 1397 483 1452 mortis
493 1397 589 1453 bebere
598 1412 682 1453 mene.

65 1473 139 1542 Quid
147 1490 215 1545 puer
226 1471 367 1538 Ascanius,
388 1471 491 1543 quiddi
501 1488 620 1527 munere
629 1468 756 1528 Penates?

103 1548 217 1625 Ignibus
226 1555 328 1618 ereptos
337 1547 431 1602 obruet
441 1545 512 1602 unde
522 1546 596 1602 dens.

67 1623 216 1696 Sedneque
225 1621 277 1678 fers
284 1620 387 1688 wenni,
407 1634 470 1688 nec,
491 1621 649 1695 quaemihi,
670 1620 777 1693 perfide,

601 1697 692 1762 iactes,

103 1779 258 1846 presserunt
266 1771 392 1828 humeros
401 1789 475 1827 secra
484 1780 611 1845 paterque
619 1775 689 1828 tuos.

66 1848 164 1905 Omnia
176 1846 312 1915 mentiris;
333 1847 462 1903 nonenim
472 1855 517 1902 tun
527 1846 616 1904 saliere
626 1846 717 1922 lingue

103 1923 222 1995 incipite
234 1923 322 1988 nobis,
341 1923 462 1996 primave
471 1922 636 1996 plector-ege.

66 1998 93 2055 Si
103 2014 227 2072 quaeres,
247 1998 295 2052 ubi
305 1997 340 2052 sit
349 1997 458 2054 formosi
468 2004 551 2052 meter
560 1996 627 2053 Iuli:

102 2072 208 2138 cecidit,
228 2071 321 2129 aduro
330 2071 386 2129 sele
395 2071 485 2127 relicte
498 2072 565 2128 vire.

65 2150 136 2207 Haec
145 2147 213 2203 mihi
223 2165 360 2204 narrares:
380 2164 429 2202 nec
438 2165 482 2202 me
490 2156 611 2204 movere:
632 2155 775 2203 merentem
840 2157 865 2200 85

102 2240 168 2280 ure:
188 2222 277 2278 minor
285 2220 365 2294 culpe
373 2239 458 2295 poena
468 2221 556 2278 future
566 2240 624 2278 mea
633 2231 683 2277 est.
704 2262 705 2265 η

66 2300 121 2354 Nec
129 2297 198 2353 mihi
207 2314 284 2353 mens
294 2298 376 2353 dubia
385 2304 434 2364 eet,
454 2299 522 2370 quin
532 2306 611 2354 tetus
623 2296 735 2353 numine
745 2294 792 2350 da-

600 2377 701 2427 mnent.

103 2449 153 2505 Per
162 2465 244 2515 mere,
264 2464 312 2521 per
321 2454 403 2502 terras
413 2447 524 2518 septima
533 2447 611 2502 iactat
621 2447 717 2501 biems.

66 2523 206 2580 Fluctibus
215 2523 327 2579 eiectum
338 2530 394 2577 tute
402 2523 514 2577 statione
522 2522 617 2593 recepi,

102 2598 281 2670 vixquebene
290 2597 380 2654 audite
389 2596 508 2667 nemine,
520 2616 607 2676 regne
615 2596 691 2656 dedi.
856 2604 889 2645 bb

59 2675 202 2801 112pr
210 2671 309 2806 pruciis
321 2682 427 2734 uunem
436 2685 572 2737 contente
579 2676 721 2743 inissem,

152 2787 159 2800 .
194 2790 201 2803 .
227 2794 234 2807 ,
716 2762 745 2819 Q
