1868 2962
179 124 296 177 encre
317 128 550 177 nnnronrnn
569 98 638 176 nse.
658 130 704 178 111.
761 121 812 182 273

104 229 198 305 finget,
219 248 254 285 en
265 247 299 287 ex
308 229 398 285 animo
407 227 590 303 sollicitusque
600 240 682 306 roget.

63 305 183 378 Postque
196 304 304 362 brevem
319 304 434 387 rescribe
452 322 565 361 morem.
601 306 674 362 Mora
688 322 793 381 semper
844 319 846 324 '

604 391 722 438 ementes

104 455 206 520 incitat,
227 455 356 530 exiguum
365 455 390 510 si
400 454 479 510 medo
489 463 595 527 tempus
605 456 693 513 hebet.

65 529 118 586 Sed
129 547 217 602 neque
229 539 252 585 te
262 529 365 586 facilem
376 531 466 586 iuveni
478 531 600 603 promitte
610 533 726 606 regenti:
827 542 866 588 tte

104 621 154 660 nec
163 615 251 661 tamen
261 605 350 671 edure.
372 606 444 678 qued
455 605 583 677 petitine,
606 624 682 681 nega.

66 681 120 735 Fac
130 679 221 736 timeat
229 690 370 753 speretque
379 681 475 736 simul:
497 682 656 753 quotiesque
665 682 790 749 remittes,

103 772 167 828 spes
176 757 262 831 magis
272 755 336 811 hinc
346 758 521 822 veniatcerta‚
543 758 683 829 minorque
694 766 791 813 metus.

65 831 178 896 Munda,
199 831 376 897 sedemedi0‚
397 840 576 904 consuetaque
585 833 674 899 verba,
696 833 808 905 puellae,

104 905 223 962 scribite.
251 904 387 962 Sermonis
397 907 504 979 publice
515 907 717 979 verbapincent.
827 918 866 964 ist

65 980 109 1038 An
122 981 227 1054 quoties
238 980 339 1037 dubius
350 982 455 1055 scriptis
463 981 562 1037 exarsit
570 992 683 1054 emeter;

103 1064 129 1112 et
139 1057 230 1112 nocuit
240 1055 339 1112 formae
348 1058 459 1112 barbara
470 1056 562 1131 lingua
575 1057 672 1114 bonne!

66 1131 118 1188 Sed
128 1132 267 1205 epitomem,
288 1133 414 1205 quemvis
424 1133 503 1186 vittae
511 1133 622 1188 carentis
635 1134 742 1201 honore,

103 1215 144 1262 est
157 1206 233 1262 vebis
245 1215 345 1262 vestros
355 1205 443 1261 fellere
452 1224 515 1261 cure
527 1207 613 1275 vir0s;

67 1281 179 1339 anciliae
189 1283 299 1356 puerive
309 1299 404 1337 merrus
414 1281 478 1336 feret
488 1292 547 1355 epte
559 1282 680 1341 tabelias:

104 1358 216 1433 pignore
227 1375 274 1413 nec
287 1357 377 1412 iuveni
389 1357 486 1413 credite
497 1368 582 1414 vestra
594 1378 672 1418 nove.

65 1432 127 1513 Vidi
138 1449 187 1508 ego
197 1432 324 1506 pellentes
336 1433 384 1487 isto
395 1442 491 1488 terrore
501 1433 603 1505 puellas

103 1508 243 1565 servitium
255 1509 366 1562 miserns
376 1516 482 1579 tempus
492 1509 520 1563 in
530 1526 608 1564 omne
617 1511 681 1580 pati.

66 1582 188 1640 Perfidus
199 1582 242 1638 itte
250 1581 371 1655 quidem,
392 1584 440 1654 qui
451 1583 512 1638 teiia
523 1584 632 1657 pignora
644 1592 743 1638 servet:

103 1657 248 1714 sedtnmen
258 1658 366 1713 Aetnaei
377 1656 499 1714 fulminis
509 1660 592 1714 instar
602 1659 688 1714 hebet.
827 1665 866 1714 tet

66 1733 157 1790 Iudice
168 1750 210 1788 me
221 1733 293 1789 irene
304 1742 344 1789 est
353 1751 487 1799 concessa,
509 1733 633 1806 repellere
643 1732 777 1790 fraudem:

104 1826 231 1882 armaque
241 1810 269 1865 in
279 1819 394 1866 armatos
404 1828 509 1865 sumere
520 1811 576 1864 iura
589 1810 692 1865 sinunt.

66 1885 168 1941 Ducere
177 1893 333 1941 consuescet
343 1885 441 1940 multas
452 1902 547 1940 manus
559 1902 612 1939 una
623 1885 733 1958 figures.

105 1960 146 2017 Ah
158 1970 274 2033 pereant,
296 1979 343 2034 per
352 1979 421 2034 quos
432 1961 480 2014 iste
491 1959 619 2037 menende
635 1960 717 2016 mihil

66 2036 120 2093 Nec
131 2041 181 2092 nisi
193 2036 285 2092 deletis
297 2045 384 2092 tutum
395 2045 435 2090 est
446 2035 586 2090 rescribere
596 2036 677 2091 ceris:

105 2129 138 2168 ne
148 2120 234 2168 teneat
243 2130 366 2187 gemmas
378 2130 430 2167 une
441 2109 535 2166 tabella
546 2129 653 2168 manus.

68 2187 179 2244 Femina
189 2187 293 2242 dicetur
302 2187 427 2243 scribenti
438 2204 543 2258 semper
553 2194 668 2256 amntem

104 2262 149 2318 iile
160 2263 195 2318 eit
207 2264 233 2318 in
245 2264 350 2328 vestris,
371 2263 419 2335 qui
431 2261 481 2317 fuit
494 2261 546 2327 itte.
569 2263 647 2318 notis.

67 2337 118 2395 Sed
129 2338 216 2393 iibetn
229 2340 319 2411 parvis
329 2340 450 2394 animum
462 2337 495 2393 ad
505 2337 603 2394 meiere
614 2334 717 2401 referre,

104 2413 237 2487 pleneque
246 2424 357 2470 curvato
366 2414 479 2486 pandere
492 2413 549 2468 veie
560 2413 634 2467 sinn.

67 2489 183 2545 Pertinet
192 2489 225 2544 ed
236 2488 328 2544 faciem
341 2489 446 2545 rabidos
457 2503 622 2560 compescere
631 2501 729 2542 mores.

105 2563 223 2620 Candide
235 2582 288 2639 pax
300 2564 436 2628 hemines,
457 2574 520 2619 trux
529 2562 602 2616 decet
612 2562 649 2616 ire
660 2559 737 2617 teras.

66 2636 117 2699 Ora
132 2640 298 2710 tumentire,·
318 2639 478 2716 nigrescunt
488 2639 742 2717 sangninetensm
763 2663 766 2666 >

90 2717 164 2774 Ovrn.
184 2721 213 2775 T.
229 2725 251 2779 i.
715 2721 741 2778 S
