1868 2962
133 128 163 180 i2
327 131 357 178 P.
381 130 508 178 0v1D11
526 132 691 178 NASONIS

78 248 101 287 tt
128 234 227 288 scilicet
235 241 274 299 ut,
286 233 411 306 quamvis
419 233 526 289 veniam
538 232 633 298 dotata,
645 231 770 303 repellam

168 317 193 363 et
202 326 308 364 mecum
318 306 415 381 fugias,
427 325 496 380 quae
506 307 554 362 tibi
563 307 669 373 dantur,
679 323 753 377 opes.
834 360 837 365 ⁴

131 383 290 450 Quinetiam
303 382 373 438 fama
383 391 432 448 est,
444 400 530 455 quum
539 383 653 438 crastina
663 380 768 437 fulserit
779 383 843 447 Eos,

168 466 193 512 te
202 458 264 513 dare
274 456 404 514 nubiferis
415 458 483 512 linea
493 456 551 511 vela
560 457 645 513 Notis.

131 532 208 600 Quod
217 531 874 605 scelusutpavidesmiseraemihicontigitanres,

77 623 101 663 ou
167 609 307 683 sanguinis
317 616 396 680 atque
407 607 490 662 animi
499 614 591 678 pectus
600 607 680 661 inane
689 605 748 661 fuit.

130 685 199 738 lhis:
220 691 245 738 et
253 701 270 740 o
279 684 404 738 miseram
414 682 457 738 cui
468 699 520 748 me,
532 681 655 755 violente,
667 681 821 753 relinques?

167 758 234 826 Quis
246 759 314 814 mihi
322 758 441 813 desertae
451 756 515 812 mite
525 755 645 815 levamen
659 755 727 813 erit‘i

129 836 242 890 Devorer
251 841 321 899 ante,
332 849 433 906 precor,
445 832 534 889 subito
546 831 647 887 telluris
657 831 742 896 hiatu,

167 917 213 964 ant
222 907 301 965 rutilo
310 907 386 963 missi
396 906 518 962 fulminis
528 908 591 981 igne
599 924 713 963 cremer:

76 998 100 1040 55
128 982 714 1058 quamsinemePhthiiscanescantaequora
726 981 816 1048 remis,

166 1067 192 1114 et
200 1059 304 1114 videam
315 1075 420 1130 puppes
430 1059 468 1113 ira
478 1056 566 1113 relicta
575 1064 644 1112 tuas.

129 1136 156 1190 Si
168 1134 217 1190 tibi
225 1133 279 1189 iam
288 1134 443 1206 reditusque
452 1133 565 1205 placent,
577 1132 709 1204 patriique
718 1133 840 1194 Penates:

167 1228 220 1265 non
230 1226 279 1283 ego
291 1227 353 1264 sum
362 1208 441 1264 classi
451 1208 555 1265 sarcina
565 1225 662 1281 magua
672 1216 742 1263 tuae.

128 1286 259 1342 Victorem
268 1285 372 1357 captiva
382 1300 488 1356 sequar,
501 1299 553 1338 non
565 1291 647 1354 nupta
657 1282 793 1336 maritum.

75 1373 100 1415 m
164 1361 213 1415 Est
222 1359 299 1425 mihi,
311 1377 380 1432 quae
390 1358 464 1413 lanas
475 1357 586 1423 molliat,
598 1366 657 1430 apta
667 1373 774 1412 manus.

128 1437 198 1490 Inter
207 1434 354 1491 Achaiadae
365 1433 442 1508 longe
452 1433 630 1505 pulcherrima
640 1441 735 1488 matres

165 1511 193 1566 in
204 1510 333 1567 thalamos
343 1510 442 1567 coniux
451 1509 510 1576 ibit,
521 1517 624 1581 eatque,
636 1516 710 1564 tuos:
789 1538 792 1545 ι

128 1586 209 1661 digna
220 1605 305 1642 nurus
315 1604 413 1650 socero,
425 1585 495 1642 Iovis
505 1585 676 1659 Aeginaeque
685 1591 791 1654 nepote;

165 1662 263 1734 cuique
272 1680 354 1717 senex
363 1663 464 1716 Nereus
474 1654 595 1732 prosor'er
604 1677 663 1715 esse
673 1657 750 1714 velit:

75 1747 100 1789 75
129 1754 177 1791 nos
187 1736 303 1791 humiles
313 1734 481 1806 famulaeque
490 1742 550 1789 tuae
560 1737 619 1792 data
629 1751 712 1807 pensa
721 1733 871 1790 trahemus:

166 1820 191 1865 et
200 1812 322 1866 minuent
331 1809 423 1883 plenas
433 1810 547 1865 stamma
558 1818 646 1866 nostra
656 1809 737 1866 cotos.

128 1886 248 1959 Exagitet
258 1903 291 1940 ne
301 1903 343 1940 me
354 1894 457 1940 tantum
467 1894 521 1950 tua,
533 1884 666 1957 deprecor,
678 1901 756 1949 uxor,

166 1961 311 2032 quaemihi
323 1961 474 2032 nescioquo
487 1977 540 2017 non
552 1960 601 2015 erit
609 1977 693 2032 aequa
703 1959 795 2015 modo:

128 2053 194 2090 neve
204 2053 276 2091 meos
285 2053 373 2090 coram
383 2035 468 2090 scindi
481 2036 580 2107 patiare
590 2034 713 2107 capillos:

74 2123 99 2164 uu
164 2119 190 2165 et
203 2110 387 2166 leviterdicas:
409 2112 595 2184 Haecquoque
608 2109 765 2166 nostrafnit.

127 2185 174 2241 Vel
187 2186 286 2257 patiare
296 2184 368 2252 licet;
390 2185 456 2240 dum
466 2205 500 2241 ne
509 2194 639 2241 contemta
650 2183 796 2256 relinquar.

165 2263 213 2315 Hic
223 2260 290 2315 mihi
300 2278 348 2314 vae
358 2261 470 2316 miserae
481 2261 598 2318 concutit
606 2279 666 2316 ossa
676 2268 773 2314 metus.

128 2335 199 2401 Quid
209 2345 296 2390 tamen
306 2335 460 2406 exspectas?
473 2335 673 2410 Agamemnona
682 2335 798 2406 poenitet
807 2333 871 2401 irae,

165 2417 190 2464 et
200 2411 265 2465 iacet
274 2419 334 2466 ante
343 2418 401 2466 tuos
412 2411 520 2466 Graecia
530 2419 628 2466 moesta
638 2410 728 2482 pedes.
793 2444 796 2453 ·

75 2496 99 2538 tt
127 2485 209 2541 Vince
220 2486 323 2542 animos
334 2486 454 2558 iramque
465 2495 547 2551 tuam,
560 2486 608 2557 qui
618 2494 716 2541 caetera
728 2485 823 2541 vincis.

166 2558 237 2626 Quid
246 2559 341 2619 lacerat
350 2564 452 2619 Danaas
463 2561 576 2633 impiger
585 2562 678 2617 Hector
687 2559 768 2630 opes?

122 2636 205 2690 Arma
214 2653 287 2709 cape,
299 2637 423 2707 Aeacide,
437 2637 486 2697 sed
495 2643 709 2700 mtumtnante
717 2642 836 2705 receptat
