1868 2962
170 195 289 242 naum
302 183 536 242 'Anauoamu
555 196 623 242 nra.
639 197 684 244 ru.
747 192 796 246 259

86 296 169 352 vivus
178 303 204 352 et
213 295 241 352 in
251 294 322 352 viris
331 294 365 350 ad
375 293 457 370 Styga
466 296 540 350 venit
548 295 624 368 equis
633 315 639 364 ;

48 370 144 444 eetpia
154 370 292 446 Penelope,
313 369 405 427 lustris
415 380 518 426 errante
530 370 646 438 duobus,
825 385 851 428 15

86 453 112 502 et
122 446 230 503 totidem
240 447 332 503 lustris
341 446 410 503 bella
418 453 525 521 gerente
534 442 602 502 viro:

48 521 160 595 Respice
171 521 358 597 Phyllaciden:
379 528 405 577 et
413 539 483 595 quae
491 539 580 576 comes
590 521 643 576 isse
654 523 748 578 marito

87 596 185 663 fertur,
206 603 231 652 et
240 605 300 653 ante
309 614 393 652 annos
402 596 559 652 occubuisse
569 614 642 653 sues.

48 672 112 728 Fata
123 672 292 729 Pheretiadae
301 672 400 728 coniux
409 668 540 747 Pagasaea
550 671 675 727 redemit:

86 764 190 820 proque
198 748 251 803 viri
261 755 301 802 est
311 765 380 803 uxor
388 746 481 803 sunere
494 746 545 802 lata
554 749 608 803 sui.
684 786 686 790 -
824 760 849 803 20

47 822 146 894 decipe
156 840 209 888 me,
230 822 684 894 Capaneu3'cineresmiseebimus.
705 823 794 897 inquit

85 897 187 970 Iphias,
208 897 545 971 iumadiosdesilnitquer
580 917 619 955 os.

48 974 109 1045 Ipsa
119 980 262 1047 quoqueet
271 972 345 1028 cuitu
355 980 430 1028 estet
441 973 549 1029 nomine
568 974 656 1029 emina
666 975 772 1030 Virtus:

86 1064 136 1104 nec
145 1048 260 1114 mirum,
280 1047 414 1120 populosi
428 1048 565 1120 planetilia
578 1065 636 1104 suo.

49 1125 108 1179 Non
118 1130 207 1179 tamen
218 1123 268 1178 hae
276 1131 378 1178 mentes
388 1131 476 1179 nostra
487 1131 634 1195 poscuntur
644 1125 678 1180 ab
688 1132 748 1180 arte.
823 1137 847 1179 25

86 1199 257 1256 Conveniunt
266 1198 378 1272 cymbae
389 1197 446 1253 veia
456 1200 559 1254 minora
572 1203 655 1255 meae.

47 1274 91 1330 Nil
101 1273 155 1329 nisi
166 1272 258 1330 lascivi
271 1291 371 1346 perme
380 1273 521 1329 discuntur
535 1291 651 1330 amores:

85 1348 184 1405 femina
194 1349 327 1422 praecipio
337 1367 392 1422 quo
400 1349 437 1404 ait
446 1348 559 1405 amanda
570 1349 658 1406 modo.

47 1424 159 1481 Femina
168 1441 218 1480 uec
226 1422 358 1491 flammas,
379 1441 427 1480 nen
438 1441 532 1480 saevos
541 1425 640 1492 excutit
649 1443 736 1482 araus.

84 1499 194 1555 Parcius
204 1500 269 1554 haee
278 1499 355 1556 video
364 1498 415 1554 tela
425 1516 518 1555 nocere
526 1499 603 1556 viris.
822 1508 847 1556 30'

47 1575 130 1648 Saepe
139 1574 191 1631 viri
201 1572 312 1644 fallunt,
333 1582 437 1630 tenerae
447 1592 500 1630 non
511 1592 589 1648 saepe
598 1574 715 1648 puellae:
737 1613 740 1617 -

83 1667 231 1724 paucaque,
252 1650 276 1705 si
286 1667 408 1724 quaeras,
429 1649 542 1707 erimina
552 1649 654 1706 fraudis
664 1650 767 1708 habent.
850 1719 852 1722 y

48 1723 171 1791 Phasida,
192 1725 246 1780 iam
259 1734 381 1793 matrem,
401 1723 483 1782 fallax
491 1725 595 1782 dimisit
604 1727 696 1783 lason:

84 1799 195 1857 venitin
206 1799 334 1857 Aesonios
343 1801 423 1857 altera
437 1809 520 1874 nupta
533 1802 622 1858 sinus.

47 1875 185 1944 Quantum
194 1875 227 1931 ad
239 1887 273 1942 te,
294 1876 407 1941 Theseu,
428 1876 550 1932 volueres
559 1876 676 1933 Ariadna
684 1879 802 1935 marinas
822 1892 847 1933 35

82 1950 167 2025 pavit,
188 1950 216 2006 in
230 1949 321 2026 ignoto
330 1950 561 2022 solarelictaloen.
622 1988 625 1992 μ
655 1962 658 1973 ’

47 2026 158 2094 Quaere,
179 2043 275 2082 novem
284 2044 333 2082 cur
343 2027 397 2082 isse
406 2027 478 2083 vices
490 2026 606 2097 dicatum
627 2028 722 2084 etaudi

81 2100 210 2174 depositis
220 2101 302 2158 silvas
310 2101 434 2178 Phyllida
443 2100 520 2158 flesse
528 2103 634 2160 eomiss
706 2142 708 2147 -

47 2176 79 2232 Et
87 2176 187 2233 famam
196 2177 302 2249 pietatis
311 2178 405 2246 habet;
426 2185 515 2234 tamen
524 2178 622 2252 hospes
632 2186 658 2234 et
667 2196 774 2246 ensem,

81 2251 214 2325 praebuit,
235 2261 260 2307 et
269 2270 392 2308 caussam
403 2253 506 2320 martis,
525 2254 623 2320 Elissa,
644 2262 714 2308 tuae.
821 2265 845 2309 ta

47 2325 177 2394 Ouidana
186 2325 339 2400 perdiderit,
359 2327 461 2384 deam:
483 2330 605 2385 nescistis
617 2346 719 2395 amare;

81 2399 167 2459 defuit
178 2403 318 2458 aravobis.
347 2403 411 2459 Arte
418 2413 638 2477 perannatamor.

47 2478 124 2534 Nunc
133 2495 242 2551 quoque
252 2478 396 2552 nescirent:
417 2480 464 2536 aed
474 2497 517 2535 me
527 2480 655 2554 Cytherea
665 2477 757 2533 docere

82 2552 177 2608 iussit:
199 2560 225 2608 et
235 2561 296 2610 ante
304 2553 399 2616 oeulos,
407 2556 525 2613 constitit
534 2556 591 2626 ipsa
602 2571 685 2609 meos.

47 2627 115 2683 Tum
129 2627 207 2694 mihi,
228 2627 298 2696 Quid
311 2630 435 2699 miserae,
455 2631 537 2698 dixit,
557 2647 685 2686 meruere
691 2627 824 2703 aaudiat&
835 2634 869 2674 us

76 2700 318 2764 Traditurarmatie
335 2707 439 2788 vulgus
452 2710 566 2768 inerme
575 2708 664 2767 uiris.

670 2795 735 2848 Μ
