1868 2962
210 176 373 221 AMORUM
392 178 462 222 LIB.
484 178 643 223 nenne.
702 243 705 250 Ι
750 174 793 225 491

90 274 166 340 fodit,
188 283 213 330 et
223 275 341 331 albentes
351 277 461 331 abstulit
470 295 514 332 ore
523 277 610 332 iubas.

50 350 100 406 Illa
110 351 200 407 locum
211 359 371 425 taurumque
380 352 427 407 diu
436 360 557 407 cuneata
567 352 682 424 reliquit.
827 367 852 409 25

89 425 142 482 Sed
152 427 228 502 niger
238 427 267 483 in
277 446 371 484 vaceae
380 435 483 499 pectore
493 426 561 482 livor
571 435 634 481 erat.

52 503 140 575 thue
148 501 242 574 procul
253 503 320 558 vidit
328 511 463 575 carpentes
472 501 680 574 pabulatorum,

89 578 243 651 (carpebant
253 579 322 633 tauri
332 577 429 651 pabula
443 578 507 632 laeta
518 577 610 650 procui
619 578 637 650 3)

51 650 118 709 illuc
128 670 157 708 se
167 653 264 725 rapuit,
284 654 465 728 gregibusque
478 653 626 707 immiscuit
634 651 703 723 illis3

88 735 115 782 et
124 728 200 801 petiit
210 729 306 784 herbae
316 727 448 783 fertilioris
457 745 544 800 opem.
827 740 852 781 3⁰

51 802 109 869 Die,
121 820 180 877 age,
189 811 342 869 noeturnae,
353 803 508 876 quicunque
518 821 556 868 es,
564 803 690 877 imaginis
701 820 796 876 augur,

89 877 373 950 siquidbabentveri,
391 879 449 934 visa
459 878 525 951 quid
534 879 583 933 ista
593 877 686 933 ferant.

52 952 168 1027 Sieego:
190 961 334 1009 nocturnae
343 954 381 1009 sic
390 953 458 1008 dixit
468 954 593 1028 imaginis
607 972 703 1028 augur,

89 1027 243 1100 expendens
254 1029 344 1085 animo
353 1029 460 1103 singula
470 1028 540 1084 dicta
549 1046 612 1085 suo:

52 1120 135 1175 quem
144 1110 174 1158 tu
183 1103 329 1160 mobilibus
339 1103 410 1160 foliis
420 1104 503 1159 vitare
512 1103 629 1169 volebas,
827 1115 852 1156 35

89 1178 138 1233 sed
146 1178 216 1234 male
225 1179 338 1245 uitabas⁹
358 1187 446 1235 aestus
457 1180 555 1235 amoris
568 1187 632 1234 erat.

52 1253 136 1309 Vacca
145 1252 236 1325 puella
246 1262 290 1310 tua
300 1262 349 1310 est.
378 1254 463 1327 Aptus
473 1253 544 1311 color
554 1253 598 1309 ille
607 1252 719 1327 puellae.

88 1329 131 1384 Tu
141 1330 193 1395 vir,
213 1330 276 1386 etin
289 1347 367 1386 vacca
380 1348 502 1402 compare
512 1338 605 1386 taurus
617 1347 685 1384 eras.

52 1405 159 1460 Pectora
169 1404 242 1477 quod
251 1413 335 1461 rostro
344 1407 438 1462 cornix
447 1404 561 1461 fodiebat
570 1413 659 1471 acuto3

89 1480 230 1611 mdgenium
240 1480 363 1537 dominae
373 1480 432 1535 lena
443 1480 560 1535 movebit
568 1496 646 1533 anus.
825 1485 850 1531 to

139 1573 153 1610 o

52 1554 92 1622 Qu

88 1630 204 1704 frigidus
215 1630 244 1687 in
252 1630 333 1688 viduo
344 1631 486 1687 destituere
495 1637 560 1686 toro.

65 1706 141 1771 ivor,
162 1715 188 1760 et
197 1704 307 1763 adverso
316 1705 436 1762 maculae
445 1706 498 1762 sub
506 1713 610 1779 pectore
620 1704 720 1778 nigrae,

86 1788 181 1852 pectus
191 1779 313 1836 adulterii
322 1782 381 1838 labe
390 1799 478 1838 carere
486 1788 593 1855 negant.

74 1857 158 1911 inerat
167 1855 306 1929 interpres.
337 1857 431 1914 Gelido
440 1856 508 1911 mihi
521 1854 632 1930 sanguis
642 1855 676 1909 ab
686 1871 730 1910 ore
824 1860 849 1907 ts

88 1930 172 2005 fugit3
193 1938 220 1986 et
228 1939 289 1990 anta
297 1932 388 1989 oculos
399 1950 453 1989 nox
460 1931 531 2008 stetit
540 1930 592 1985 alta
601 1946 683 1985 meos.

154 1562 260 1612 unctata
269 1554 317 1612 diu
326 1564 435 1612 taurum
444 1572 493 1609 sua
504 1572 582 1610 vacca
594 1553 715 1625 reliquit3

247 2108 489 2167 ELEGIA
542 2107 600 2163 VI.

102 2227 168 2293 ruis,
190 2228 369 2284 arundinibus
379 2230 487 2286 limosas
497 2229 581 2284 obsite
589 2229 670 2301 ripas,

107 2303 401 2377 idominampropero3
422 2305 486 2360 siste
495 2321 638 2376 parumper
648 2318 742 2374 aquas.

113 2379 163 2435 tibi
174 2387 238 2434 sunt
246 2387 350 2451 pontes,
372 2397 420 2435 nec
431 2397 500 2454 quae
510 2380 568 2434 sine
577 2379 687 2450 remigis
697 2375 750 2429 ictu

119 2471 202 2509 ncava
213 2455 318 2511 traiecto
328 2456 424 2530 cymba
434 2455 544 2511 rudente
554 2454 642 2510 vebat.

124 2547 152 2584 ns
161 2547 235 2598 eras,
255 2531 380 2599 memini3
402 2548 450 2585 nee
459 2539 484 2584 te
495 2529 607 2585 transire
615 2524 718 2600 refugi:
839 2537 859 2576 u

129 2622 248 2675 nmaqne
258 2606 303 2660 rix
313 2605 379 2662 taios
390 2607 505 2684 contigit
513 2606 592 2664 unda
601 2621 693 2662 meos.

135 2678 183 2729 πίε
191 2681 312 2749 apposito
321 2682 441 2742 nivibus
450 2685 485 2743 de
496 2692 601 2745 monte
612 2683 733 2751 eoiut'tet
