1868 2962
161 147 194 198 64
317 171 323 183 ·
351 150 382 196 P.
403 148 530 196 ovum
546 149 713 198 anomu

199 251 242 305 hei
252 246 329 316 mihi,
343 267 426 323 quam
437 250 530 306 multis
542 250 638 306 flebilis
648 251 718 308 ultor
727 249 793 305 eris!

162 329 204 392 ut,
219 342 320 397 precor,
335 343 350 380 a
362 327 439 382 nobis
449 345 528 382 omen
538 335 669 383 removete
683 327 837 381 sinistrum.

108 416 133 456 so
198 409 224 455 et
233 418 282 455 sua
294 400 339 456 det
348 401 439 457 reduci
448 402 490 457 vir
500 420 577 457 meus
587 419 660 457 arma
668 402 732 457 Iovi.

162 476 212 531 Sed
223 476 315 532 timeo:
330 477 488 549 quotiesque
498 477 572 532 subit
582 477 732 532 miserabile
744 475 856 542 bellum,

199 568 271 607 more
282 552 364 617 nivis,
381 551 513 617 lacrimae,
528 551 733 617 solemadentis,
749 561 824 606 eunt.
901 556 904 561 ’

163 626 229 682 Hion
239 634 264 681 et
273 627 402 692 Tenedos,
416 625 568 700 Simoisque
577 635 603 682 et
615 626 740 682 Xanthus
750 634 776 681 et
786 628 839 694 Ide,

200 702 308 757 nomina
318 709 383 757 sunt
392 702 451 773 ipso
460 720 544 774 paene
553 701 670 759 timenda
680 719 755 758 sono.
811 720 817 733 ·

109 790 133 831 55
163 779 216 832 Nec
225 794 316 849 rapere
325 794 451 844 ausurus,
466 778 519 832 nisi
530 795 558 832 se
567 777 706 833 defendere
715 786 813 850 posset,

200 853 297 924 hospes
307 860 375 907 erat:
389 868 463 908 uires*
472 860 581 908 noverat
590 852 635 907 ille
644 870 718 908 suas.

162 929 283 992 Venerat,
297 936 328 982 ut
338 926 408 982 fama
417 935 465 993 est
479 927 565 984 multo
574 926 726 1000 spectabilis
738 945 813 995 auro

200 1020 302 1075 quique
311 1019 362 1058 suo
371 1002 502 1078 Phrygias
512 1021 620 1076 corpore
629 1003 707 1058 torret
716 1020 797 1077 opes

163 1077 375 1150 classevrusque
382 1086 486 1151 potens
495 1096 542 1151 per
549 1097 618 1152 quae
626 1077 678 1134 fera
687 1078 756 1134 bella
762 1086 892 1152 geruntur

110 1166 135 1207 uu
200 1161 225 1207 et
235 1153 323 1226 sequit
322 1172 356 1208 ur
365 1154 440 1229 regni
452 1171 515 1226 pars
525 1162 714 1226 quotacunque
724 1154 777 1209 sui.

164 1229 210 1282 His
220 1229 423 1302 egotevrctam
437 1246 545 1286 consors
556 1229 656 1284 Ledaea
665 1228 797 1303 gemellis

202 1303 337 1373 suspicor:
350 1303 521 1359 haecDanats
531 1321 608 1376 posse
618 1321 711 1360 nocere
720 1312 795 1376 puto

165 1379 271 1433 Hectora
283 1379 463 1452 nescioquem
475 1381 564 1435 timeo
602 1380 677 1434 Paris
686 1381 796 1436 Hectora
805 1380 873 1435 dixit

202 1453 284 1508 ierrea
295 1455 442 1529 sanguinea
455 1455 525 1511 bella
535 1472 640 1510 movere
650 1473 744 1510 manu.

111 1541 135 1584 55
164 1531 282 1596 Hectora,
293 1530 418 1604 quisquis
428 1532 451 1586 is
461 1539 510 1596 est,
526 1531 549 1585 si
562 1548 624 1585 sum
634 1531 682 1585 tihi
693 1548 762 1597 cara,
776 1538 876 1587 caveto.

203 1605 343 1679 Signatum
353 1607 464 1662 memori
473 1615 576 1678 pectore
589 1622 685 1662 nomen
695 1606 774 1661 habe.

166 1682 242 1735 Hunc
251 1681 298 1735 ubi
309 1681 415 1747 vitaris,
429 1681 495 1737 alios
504 1682 588 1736 vitare
597 1689 743 1736 memento:

202 1764 228 1808 et
236 1753 334 1810 multos
345 1755 399 1810 illic
408 1756 531 1812 Hectoras
543 1775 601 1812 esse
610 1765 684 1828 puta.

165 1831 198 1883 Et
208 1829 285 1884 incito
297 1830 379 1897 dicas,
401 1832 504 1904 quoties
514 1849 634 1906 pugnare
644 1831 759 1903 parabis,

111 1917 136 1958 to
203 1906 310 1959 Parcere
319 1924 362 1961 me
371 1907 450 1961 iussit
459 1907 600 1962 Laodamia
610 1908 672 1963 sibi.

166 1981 193 2034 Si
203 1979 295 2034 cadere
303 1981 426 2055 Argolico
436 1982 475 2037 ias
486 1990 525 2037 est
538 1984 590 2038 suh
599 1983 683 2037 milite
692 1981 811 2049 Troiam;

204 2064 228 2109 te
237 2073 345 2127 quoque
358 2075 410 2112 non
421 2057 508 2113 ullum
519 2057 621 2112 vulnus
634 2058 757 2122 habente,
771 2056 854 2110 cadat.

166 2132 284 2204 Pugnet,
299 2139 324 2185 et
334 2131 458 2189 adversos
472 2132 703 2188 tendatMenelaus
713 2133 741 2186 in
751 2132 853 2195 hostes,

204 2214 234 2260 ut
244 2206 328 2278 rapiat
337 2207 440 2274 Paridi,
454 2226 536 2280 quam
546 2209 620 2264 Paris
631 2217 691 2263 ante
700 2207 763 2262 sibi.

113 2293 138 2334 75
167 2284 261 2349 Irruat,
278 2291 303 2338 et
312 2301 406 2338 caussa
417 2302 497 2355 quem
511 2284 603 2350 vincit,
618 2285 708 2339 vincat
716 2290 742 2336 et
752 2282 844 2337 armis.

148 2396 150 2401 ,
203 2359 329 2414 Hostibus
339 2376 353 2413 e
364 2359 458 2413 mediis
469 2367 551 2430 nupta
562 2358 672 2431 petenda
682 2359 739 2414 viro
750 2367 799 2412 est.

168 2432 268 2488 Caussa
278 2443 324 2489 tua
333 2443 373 2489 est
382 2435 486 2505 dispar:
501 2443 530 2488 tu
541 2443 644 2489 tantum
656 2436 744 2489 vivere
754 2451 856 2508 pugna,

206 2508 288 2579 inque
297 2510 356 2581 pios
366 2509 489 2565 dominae
498 2526 575 2581 posse
588 2510 672 2565 redire
681 2509 769 2564 sinus.

169 2583 277 2650 Parcite,
293 2585 466 2652 Dardanidae,
480 2585 513 2639 de
522 2593 568 2650 tot,
584 2593 685 2657 precor,
700 2585 824 2641 hostibus
835 2583 893 2649 uni,

96 2665 127 2704 ὅθ
192 2675 320 2719 cenaeos
328 2680 364 2722 ex
374 2662 421 2723 iHo
429 2679 543 2740 corpore
552 2661 727 2738 sanguiseat.
