1868 2962
130 141 163 195 Ἠ
328 146 356 192 P.
378 144 504 190 OVIDII
522 144 687 190 NASONIS

167 245 240 300 vonit
251 245 279 300 in
289 245 430 301 arbitrium
440 245 512 301 nuda
521 246 640 302 Minerva
650 253 738 301 tuum.

130 321 239 376 Attoniti
250 321 366 376 micuere
374 321 461 387 sinus,
472 319 632 394 gelidusque
641 320 768 385 cucurrit,

167 404 197 450 ut
207 395 273 450 mihi
283 396 404 462 narrasti,
416 396 483 451 dura
492 413 540 468 per
549 414 609 452 ossa
618 404 724 451 tremor.

131 470 259 527 Consului
270 469 448 544 (nequeenim
458 471 561 526 modice
571 470 706 544 terrebar‚)
716 488 840 544 anusque

76 555 101 602 lo
167 545 362 620 longaevosque
372 564 458 602 senes.
480 545 602 602 Constitit
611 564 669 601 esse
678 545 761 602 nelos.

130 622 211 677 Caesa
221 621 303 689 abies,
314 629 452 694 sectaeque
461 622 557 687 trabes,
569 629 603 687 et,
616 621 700 676 classe
708 629 810 693 parata,

167 697 271 752 caerula
280 704 379 753 ceratus
390 697 484 769 accipit
493 697 564 751 unda
575 703 653 751 rates.

130 771 211 826 Flesti
220 771 372 828 discedens:
394 771 545 828 hoceallem
554 789 632 844 parce
643 789 748 846 negare.

167 848 308 903 Praeterito
317 847 404 922 magis
413 855 453 902 est
462 847 512 903 iste
520 846 663 919 pudendus
674 865 757 902 amor.

76 932 101 978 45
129 925 163 977 Et
172 922 239 978 flesti
249 930 275 978 et
284 930 388 978 nostros
397 922 488 978 vidisti
498 922 585 977 flentis
595 921 701 978 ocellos.

167 998 325 1054 Miscuimus
335 998 457 1053 lacrimas
467 1006 585 1054 moestus
596 1005 708 1069 uterque
717 1016 790 1052 suas.

130 1076 188 1129 Non
199 1073 237 1127 sic
247 1073 374 1145 appositis
384 1073 500 1129 vincitur
509 1073 610 1129 vitibus
619 1072 721 1138 ulmus,

166 1156 197 1203 ut
205 1155 250 1203 tua
259 1158 323 1204 sunt
332 1148 399 1204 collo
409 1148 516 1205 brachia
526 1166 593 1204 nexa
604 1166 672 1203 meo.

129 1224 170 1279 Ah
181 1225 294 1295 quoties,
306 1241 392 1296 quum
402 1232 427 1279 te
435 1232 514 1279 vento
523 1240 662 1295 quererere
670 1223 761 1289 teneri,

76 1311 100 1353 55
166 1300 283 1355 riserunt
291 1300 413 1355 comites!
435 1298 482 1353 Ille
491 1299 625 1353 secundus
635 1306 699 1354 erat.

130 1373 226 1429 Oscula
236 1374 363 1429 dimissae
372 1375 476 1446 quoties
486 1374 595 1444 repetita
604 1373 713 1428 dedistil

167 1448 253 1517 Quam
263 1450 310 1507 vix
319 1448 448 1505 sustinuit
457 1448 543 1504 dicere
553 1447 655 1522 lingua,
667 1449 742 1505 Vale!

129 1525 201 1581 Aura
211 1525 277 1582 levis
286 1525 373 1600 rigido
381 1523 523 1599 pendentia
533 1523 613 1579 lintea
623 1523 693 1579 malo

167 1602 288 1670 suscitat3
310 1609 336 1657 et
345 1600 425 1656 remis
435 1608 509 1655 eruta
518 1606 594 1654 canet
604 1617 683 1672 aqua.

14 1697 16 1703 ⁴
76 1688 100 1729 55
129 1677 276 1748 Prosequor
285 1675 379 1730 infelix
388 1674 472 1730 oculis
482 1675 605 1730 absume
614 1674 682 1739 vela,

167 1769 221 1823 qua
232 1750 304 1818 licet;
325 1758 351 1805 et
361 1749 477 1805 lacrimis
487 1750 580 1806 humet
590 1768 668 1805 arena
680 1749 756 1804 meis.

130 1828 216 1898 thue
226 1825 294 1880 celer
306 1826 408 1891 venias,
420 1825 519 1882 virides
529 1826 655 1882 Nereidas
665 1843 724 1892 oro;

167 1901 266 1956 scilicet
274 1901 403 1957 utvenins
415 1901 444 1956 in
454 1918 512 1956 meu
525 1901 622 1956 damna
632 1900 709 1956 celer.

129 1977 203 2033 Votis
214 1995 276 2050 ergo
286 1977 353 2031 meis
363 1976 409 2032 alii
419 1976 534 2031 rediture
544 1974 653 2031 redisti‘?

76 2065 100 2105 eo
167 2053 214 2106 Hei
227 2053 307 2106 mihil
328 2069 377 2124 pro
386 2052 444 2107 dira
457 2052 551 2124 pellice
563 2051 662 2107 blanda
672 2049 723 2105 fuil

130 2126 249 2198 Adspicit
258 2128 421 2182 immensum
431 2127 514 2183 moles
528 2127 616 2182 nativa
625 2125 801 2198 profundum.

168 2205 244 2258 lllons
254 2202 317 2256 luit:
328 2203 476 2274 aequoreis
487 2203 531 2257 illa
543 2202 640 2256 resistit
651 2201 738 2273 aquis.

130 2278 198 2332 Hine
207 2296 255 2352 ego
264 2277 322 2332 vela
332 2285 392 2332 tuae
401 2278 513 2350 cognovi
523 2278 611 2349 prima
619 2278 733 2339 carinae,

167 2361 192 2407 et
202 2353 268 2407 mihi
278 2370 325 2424 per
335 2352 430 2407 iluctus
440 2353 555 2423 impetus
565 2352 604 2407 ire
613 2351 673 2406 fuit.

77 2439 101 2481 55
130 2429 199 2482 Ilum
210 2447 307 2494 moror,
323 2430 351 2482 in
363 2445 469 2481 summa
480 2426 555 2481 fulsit
563 2427 631 2482 mihi
640 2442 759 2499 purpura
769 2444 858 2497 prora.

167 2504 308 2559 Pertimui:
329 2502 418 2558 cultus
429 2521 481 2558 non
491 2503 681 2558 eratilletuus.

131 2580 173 2633 Fit
181 2579 297 2649 propior,
311 2587 446 2650 terrasque
456 2578 506 2632 cita
517 2579 579 2632 ratis
589 2578 675 2652 attigit
685 2595 762 2633 aura:

156 2653 291 2728 [eminens
302 2655 359 2714 vidi
368 2654 449 2715 corde
458 2661 590 2712 tremente
599 2671 691 2732 genas.
