1868 2962
245 150 455 198 ennomus.
501 153 556 199 nu.
571 151 603 199 x,
770 144 803 200 to

91 259 172 315 esset,
183 240 266 322 quam
276 249 395 316 dederas,
407 246 490 306 morte
499 251 583 318 soluta
593 251 670 308 fides.

55 327 135 382 Nune
143 343 194 398 ego
203 343 256 381 noo
267 333 381 391 tantum,
388 343 458 398 quae
467 343 528 380 sum
538 343 658 397 passura,
671 326 802 395 recordor3

92 401 339 472 sedquaecumque
347 400 494 472 potestulla
504 400 592 459 relicta
601 401 666 473 pati.
833 413 858 456 ot

58 476 208 532 Occurrunt
216 476 307 531 animo
316 475 444 547 pereundi
454 474 528 531 mille
537 475 652 549 figurae:

93 567 222 623 morsque
243 551 335 607 miuus
356 568 470 623 poenae,
487 558 583 623 ‘quam
603 568 676 606 mora
698 552 801 618 mortis,

58 704 113 756 lam
123 700 178 756 iam
188 709 314 756 venturos
324 708 370 755 aut
380 701 429 756 hac
440 708 486 756 aut
495 700 616 772 suspicor
624 699 693 767 illae,
761 770 763 776 Ι
820 763 822 767 Α

96 776 145 848 qui
160 775 260 831 lanient
270 775 349 830 avido
360 775 557 842 risoeradeote¹
573 775 661 848 lupos.

59 851 180 906 Forsitan
190 858 215 906 et
224 848 312 906 fulvos
323 849 402 906 tellus
414 850 466 906 alat
476 851 526 906 ista
536 851 635 906 leones.
833 861 859 906 85

95 926 163 993 Quis
171 926 231 992 snit,
242 943 277 981 an
287 926 351 980 haee
362 943 454 981 saevas
463 922 573 1000 tigridas
583 925 671 982 insula
680 923 777 980 habeti

57 1002 92 1056 Et
100 1000 166 1056 freta
176 1000 302 1056 dicuntur
311 1018 424 1076 magnas
433 1000 563 1073 expellere
573 1003 682 1074 phocas.

95 1073 248 1144 Quid‘vetat
256 1084 286 1131 et
291 1075 395 1150 gladios
405 1095 451 1149 per
461 1076 530 1132 latus
539 1077 577 1133 iro
587 1075 697 1133 meum‘l

60 1153 174 1207 Tantum
186 1168 219 1206 ne
228 1151 324 1226 religer
333 1152 399 1206 dura
408 1153 512 1224 eaptiva
521 1160 626 1222 catena3

96 1244 164 1282 neve
172 1227 276 1282 traham
285 1245 362 1282 serva
370 1226 482 1302 grandia
491 1244 573 1299 pensa
585 1244 682 1283 manu:
834 1236 859 1279 to

60 1302 102 1357 oui
112 1310 188 1374 pater
197 1309 237 1355 est
246 1302 342 1368 Minos,
352 1303 397 1358 oni
406 1310 490 1358 mater
503 1301 557 1358 lilia
567 1303 680 1358 Phoebi:

95 1375 224 1449 quodque
234 1376 321 1450 magis
330 1377 451 1445 memini,
463 1395 532 1450 quae
543 1377 591 1433 tibi
599 1385 675 1450 pacta
685 1374 736 1432 lui.

60 1451 86 1506 Si
96 1468 182 1517 mare,
193 1451 217 1505 si
226 1458 318 1514 terras.
328 1451 500 1525 porrectaque
510 1453 596 1508 littora
606 1451 678 1520 vidi,

96 1525 183 1582 multa
193 1526 260 1581 mihi
272 1534 364 1593 terrae,
376 1526 460 1582 multa
470 1528 607 1582 minantur
616 1543 709 1598 aquae.
909 1589 914 1601 ι

61 1601 171 1658 Coelum
182 1602 309 1658 restabat:
330 1603 411 1657 timeo
420 1600 562 1657 simulacra
574 1602 695 1656 deorum.
835 1609 860 1653 ⁹5

96 1678 231 1733 Destituor
239 1677 339 1734 rabidis
349 1677 444 1748 praeda
454 1677 585 1750 cibusque
596 1675 668 1731 ieris.

60 1753 122 1809 Sive
131 1751 224 1808 colunt
232 1752 405 1825 habitantque
413 1753 474 1817 viri,
486 1752 636 1808 diffidimus
646 1751 709 1806 illis.

95 1829 229 1884 Externos
237 1826 317 1882 didici
329 1827 396 1883 laesa
407 1828 499 1883 timere
508 1828 590 1883 viros.
624 1886 628 1893 ,

61 1904 167 1960 Viveret
176 1902 330 1976 Androgeos
341 1904 454 1968 utinam,
466 1901 590 1959 neclecta
601 1901 696 1957 luisses

96 1978 182 2050 impia
192 1976 341 2043 funeribus,
354 1979 461 2049 Cecropi
472 1985 549 2042 terra,
560 1978 627 2032 tuis!
821 1986 859 2028 too

61 2071 108 2110 neo
117 2062 163 2108 tua
174 2059 315 2112 mactasset
322 2052 423 2109 nodoso
431 2053 529 2125 stipite,
541 2052 654 2117 Theseu,

95 2129 182 2184 ardua
193 2137 266 2199 parte
276 2127 364 2182 virum
375 2129 491 2191 dextera.
502 2136 575 2200 parte
585 2128 694 2183 boveml

60 2222 107 2260 nec
118 2200 178 2267 tibi,
190 2220 260 2274 quae
269 2203 370 2256 reditus
380 2212 566 2266 monstrarent,
578 2202 620 2257 fila
630 2202 772 2266 dedissem¹

97 2279 141 2334 iila
153 2295 200 2350 per
210 2277 337 2332 adductas
347 2294 426 2349 saepe
436 2287 535 2349 recepta
547 2277 657 2332 manusl

60 2355 118 2409 Non
129 2352 255 2424 equidem
266 2353 358 2417 miror,
369 2355 392 2408 si
403 2361 454 2407 stat
464 2354 571 2408 victoria
582 2362 679 2415 tecum,
823 2359 861 2402 tot

96 2437 233 2499 strataque
246 2428 381 2490 Cretaeam
392 2426 479 2482 bellua
489 2428 568 2482 tinxit
579 2428 702 2481 humum.

60 2503 118 2558 Non
131 2511 251 2574 poteraut
262 2501 307 2576 sigi
313 2503 469 2575 praecordia
478 2502 559 2557 ferrea
570 2516 667 2556 cornu:

97 2587 129 2632 ut
138 2587 164 2632 te
175 2596 228 2633 non
238 2587 349 2651 tegeres,
360 2589 463 2653 pectore
474 2586 548 2632 tutus
556 2592 627 2631 eras.

57 2652 115 2704 lilio
123 2661 153 2705 to
164 2651 262 2718 silices,
275 2651 331 2712 illio
340 2654 489 2715 adamanta
497 2653 606 2727 tulisti:

81 2727 156 2782 Orio.
170 2731 200 2784 Τ.
210 2734 233 2787 I.
712 2738 742 2795 ὓ
