1868 2962
147 145 180 198 80
329 148 360 194 P.
382 147 512 195 0v1D11
531 147 698 195 Nasonis

146 253 214 306 Nam
229 266 316 321 neque
335 248 418 304 tristis
436 244 541 316 bieme,
553 265 640 323 neque
659 267 708 305 uos
721 249 777 306 buc
795 270 849 326 app

628 342 710 380 error.

93 413 118 455 ao
185 399 310 457 Taenaris
321 407 361 455 est
370 398 449 455 classi
459 407 526 455 terra
536 401 617 472 petita
625 416 710 456 meae.

147 477 200 531 Nec
209 492 253 531 me
261 475 337 531 crede
347 474 444 531 fretum
454 493 554 530 meroes
565 483 684 547 portante
693 477 785 533 carina

185 550 295 607 findere.
316 549 494 618 Ouasbabeo,
506 550 533 605 di
546 558 669 607 tueantur
679 570 755 624 opes.

147 628 201 682 Nec
212 627 291 684 venio
300 626 394 683 Graias
403 625 487 684 veluti
498 634 627 698 spectator
637 628 671 682 ad
680 629 771 683 urbes.

185 701 289 774 Oppida
299 709 364 757 sunt
376 702 451 776 regui
461 700 584 757 divitiora
594 702 658 757 mei.

94 789 119 832 35
147 779 184 833 Te
194 786 263 850 peto,
274 794 357 849 quam
368 775 434 832 lecto
444 777 545 851 pepigit
555 777 646 834 Venus
655 795 735 833 niuea
746 790 848 838 nostro.

184 855 221 909 Te
230 853 306 926 prius
314 852 413 924 optavi,
425 870 507 925 quam
518 853 584 907 mihi
596 862 655 909 nota
668 852 746 909 iores.

147 929 215 986 Ante
224 938 283 984 tuos
293 928 459 994 animovidi,
473 946 557 1001 quam
568 927 679 995 lumine,
694 929 802 986 vultus:

184 1005 271 1077 prima
280 1002 332 1059 luit
340 1002 432 1059 vultus
443 1003 537 1060 nuntia
547 1002 616 1058 fama
627 1005 676 1059 tui.

147 1083 201 1136 Nec
211 1088 299 1135 umen
309 1088 349 1135 est
358 1080 469 1146 mirum,
480 1080 514 1145 ci,
525 1079 595 1134 sicut
604 1081 728 1152 oportuit,
739 1099 804 1138 arcu

94 1163 119 1209 to
184 1155 335 1211 missilibus
345 1154 404 1211 telis
414 1155 521 1211 eminus
531 1155 610 1221 ictus,
621 1173 691 1212 amo.

146 1232 190 1287 Sic
199 1231 299 1304 placuit
309 1230 383 1287 latis:
404 1229 775 1304 quaeueoonvellcretentcs‚

104 1334 107 1340 <
185 1308 274 1380 accipe
284 1323 347 1362 cum
360 1324 422 1377 uere
432 1306 501 1361 dicta
514 1305 594 1361 relatu
604 1306 665 1363 fide.

146 1384 238 1440 Matris
247 1382 335 1458 adbuc
344 1390 419 1438 utero
429 1389 506 1453 partu
517 1387 664 1438 remorante
673 1383 797 1442 tenebar:

184 1459 238 1515 iam
248 1457 376 1535 gravidus
385 1459 456 1514 iusto
465 1457 581 1531 pondere
590 1466 682 1514 venter
692 1466 758 1516 erat.

93 1543 117 1590 le
146 1536 193 1591 llla
204 1535 256 1592 sibi
267 1536 401 1610 ingentem
410 1534 468 1591 visa
478 1543 519 1590 est
531 1536 583 1590 sub
593 1533 709 1610 imagine
722 1536 812 1592 somni
838 1545 842 1552 '

184 1610 369 1667 flammiferam
377 1609 459 1682 pleno
469 1610 577 1665 reddere
586 1617 678 1665 ventre
687 1608 795 1669 lacem..

147 1687 247 1750 Territa
256 1686 406 1759 consurgit3
427 1685 623 1758 metuendaque
632 1685 716 1742 noctis
725 1705 824 1760 opacae

185 1764 243 1818 visa
253 1762 309 1816 seui
321 1761 435 1826 Priamo,
449 1762 555 1817 vatibus
566 1761 620 1826 ille,
632 1761 719 1818 refert.

148 1836 276 1893 Arsuram
288 1836 390 1892 Paridis
400 1844 474 1893 vates
482 1838 555 1893 canit
563 1837 631 1893 Ilion
640 1837 708 1912 igni.

93 1926 117 1966 eo
183 1913 307 1980 Pectoris,
318 1918 349 1968 ut
358 1931 431 1968 nunc
440 1924 489 1980 est,
500 1912 546 1969 fax
556 1912 606 1969 luit
615 1913 660 1969 illa
670 1913 734 1970 mei.

147 1990 243 2045 Forma
253 1989 382 2062 vigorque
392 1990 486 2054 animi,
497 1989 623 2060 quamvis
632 1988 665 2044 de
673 1988 752 2062 plebe
762 1991 850 2049 videbi

184 2063 313 2118 iudicium
325 2072 403 2119 tectae
414 2064 558 2120 nobilitatis
568 2072 652 2119 erant.

147 2140 195 2194 Est
205 2139 278 2195 locus
289 2140 316 2194 in
327 2139 428 2194 mediae
438 2139 584 2195 nemorosis
595 2138 712 2194 vallibus
722 2139 784 2195 ldae

183 2214 288 2280 devius,
299 2224 323 2268 et
332 2216 413 2286 piceis
423 2215 584 2286 ilicibusque
593 2214 733 2288 frequens:

93 2301 117 2340 551
146 2291 193 2362 qui
206 2309 254 2345 uec
263 2291 321 2346 ovis
332 2290 458 2362 placidae,
474 2308 522 2345 nec
532 2292 647 2346 amentis
657 2309 720 2346 saxa
731 2292 849 2364 capellae

184 2385 232 2420 ncc
243 2365 332 2438 patulo
342 2366 430 2420 tardae
438 2367 555 2436 carpitur
566 2384 610 2422 ore
620 2367 707 2422 bovis.

147 2442 214 2496 Hinc
224 2460 272 2515 ego
280 2441 425 2496 Dardaniae
434 2458 536 2506 muros,
548 2441 704 2514 excelsaque
713 2449 791 2510 tecta,

184 2524 210 2571 et
219 2515 283 2572 freta
295 2517 470 2589 prospiciens,
482 2515 575 2572 arbore
585 2517 667 2572 nixus
677 2534 761 2574 erum.

140 2592 213 2648 Ecce
218 2592 321 2665 pedum
331 2591 413 2665 pulsu
422 2591 480 2648 visa
490 2599 531 2647 est
539 2593 606 2648 mibi
616 2602 684 2649 terra
694 2594 814 2655 moveri:

74 2678 102 2716 (1¹0
170 2668 247 2742 (vcra
258 2668 366 2745 loquar,
382 2668 441 2730 veri
450 2667 753 2741 vinbabituraiidemq
