1868 2962
147 154 197 207 234
338 159 367 205 Ρ.
389 155 516 205 ovmn
533 154 706 205 basonus

185 256 324 331 palliolum
337 259 429 315 nitidis
442 259 603 330 imposuisse
614 258 712 316 comis.

94 347 132 390 135
147 336 291 391 Attenuant
301 335 432 390 iuvenum
442 335 605 409 vigilataeoo
694 340 797 400 noema,

185 426 316 482 curaque,
338 419 364 466 et
373 410 506 465 immenso
516 410 564 483 qui
574 410 604 464 fit
614 427 658 464 am
676 426 720 476 re,
740 407 826 465 dolor.

149 485 182 539 Ut
194 494 253 540 voto
263 487 363 558 potiare
373 493 433 550 tuo,
448 483 615 540 ‘miserabilis
625 493 697 542 osto:

186 568 229 625 ut,
252 562 300 631 qui
310 569 335 615 te
344 561 447 624 videat,
468 553 554 616 dicere
564 560 663 632 possit,
684 558 780 618 Amas.

150 635 313 708 Conquerar,
325 654 359 690 an
370 637 502 702 moneam,
521 635 627 692 nullum
639 635 678 690 ias
687 653 749 692 esse
758 625 893 707 nefasque?

95 720 134 766 740
188 712 289 767 Nomen
301 710 416 765 amicitia
426 720 479 775 est,
500 729 599 767 nomen
610 712 690 766 inane
700 710 778 766 fides.

150 787 196 840 Hei
205 787 286 841 mihi!
300 805 353 842 non
364 795 508 851 tutamen,
519 786 681 860 quodamen
692 781 892 842 iaudaresoddi.

187 861 277 928 Quum
289 862 337 916 tibi
349 861 467 917 laudanti
477 862 603 928 credidit,
624 863 682 935 ipse
691 862 778 917 subit.

150 937 185 991 Aa
195 955 247 993 non
257 937 393 992 Actorides
404 936 502 992 lectum
513 939 651 993 temeravit
660 936 790 993 Achillis:

188 1021 320 1086 quantum
330 1012 364 1068 ad
373 1013 536 1078 Pirithoum,
557 1012 676 1068 Phaedra
686 1012 785 1084 pudica
795 1011 855 1069 fuit.

96 1098 135 1144 745
149 1090 311 1145 Hermionen
324 1088 446 1164 Pylades,
457 1107 513 1162 quo
522 1089 629 1145 Pallada
640 1088 777 1154 Phoebus,
788 1086 891 1143 amavit:

187 1164 521 1240 quodquetibigeminus‚
543 1164 675 1240 Tyndari,
696 1163 793 1219 Castor
801 1172 863 1220 erat.

151 1238 251 1311 Siquis
262 1241 333 1295 idem
345 1248 446 1312 sperat;
470 1240 569 1296 laturas
579 1257 658 1312 poma
668 1241 789 1313 myricas

189 1323 290 1386 speret,
311 1322 338 1370 et
349 1314 461 1372 emedio
471 1314 583 1372 flumine
591 1314 669 1370 mella
679 1322 761 1387 petat.

152 1388 210 1456 Nil,
233 1390 285 1446 nisi
303 1398 394 1463 turpe,
415 1390 502 1447 iuvat:
534 1409 614 1448 curae
626 1398 667 1522 cist
680 1407 731 1446 sua
743 1390 844 1464 cuique
856 1403 894 1444 ra-

642 1483 661 1522 u
681 1475 732 1522 tas.

96 1553 137 1597 aaa
188 1542 258 1598 Haec
267 1559 376 1616 quoque
386 1542 420 1598 ab
430 1540 539 1598 alterius
548 1549 621 1617 grata
630 1483 722 1599 dabre
731 1541 817 1599 venit.

151 1618 209 1674 Heu
219 1617 333 1682 facinus,
355 1636 408 1674 non
420 1627 461 1673 est
470 1619 554 1675 hostis
563 1619 725 1674 metuendus
734 1617 836 1676 amanti

189 1692 262 1759 Quos
272 1693 358 1747 credis
370 1692 448 1758 fidos,
463 1694 563 1768 effuge3
584 1701 660 1749 tutus
670 1694 735 1750 eris.

152 1767 302 1842 Cognatum
312 1766 473 1842 fratremque
483 1787 560 1835 cave,
581 1769 722 1842 fidumque
731 1767 850 1826 sodalem

188 1843 326 1914 praebebit
335 1862 412 1901 veros
423 1845 488 1900 haec
497 1845 546 1899 tibi
557 1846 634 1901 turba
645 1854 744 1901 metus.

98 1917 137 1974 75'5
151 1918 291 1974 Finiturus
301 1937 389 1976 eram:
410 1921 458 1976 sed
468 1929 532 1975 sunt
541 1921 645 1976 diversa
654 1920 754 1994 puellis

188 2002 302 2066 pectora,
332 1995 406 2050 Mille
416 1997 520 2052 animos
529 1997 622 2069 excipe
632 1996 706 2052 mille
716 1995 816 2053 modis.

151 2070 205 2125 Nec
215 2067 294 2124 telius
303 2070 395 2124 eedem
407 2072 585 2144 paritomnia.
615 2073 723 2128 Vitibus
734 2072 781 2127 iiia

190 2145 326 2213 convenit3
348 2145 414 2200 baec
424 2146 503 2204 oieis:
525 2148 646 2204 bicbene
657 2147 726 2202 farra
737 2149 836 2203 virent.

152 2223 304 2278 Pectoribus
315 2230 539 2288 morestotsunt,
560 2231 627 2296 quot
637 2223 665 2277 in
675 2223 739 2277 orbe
749 2222 864 2297 figurae:

97 2306 137 2349 760
190 2299 237 2370 qui
248 2298 330 2370 sapit,
351 2297 503 2353 innumeris
514 2299 635 2367 moribus
646 2305 725 2370 aptus
734 2298 792 2352 erit.

153 2372 240 2445 thue
251 2373 321 2429 leves
332 2374 441 2428 Proteus
451 2374 529 2429 modo
538 2392 567 2428 se
576 2373 704 2430 tenuabat
714 2372 742 2427 in
752 2373 853 2440 undam

191 2450 327 2516 nuncies,
350 2465 423 2504 nunc
432 2448 523 2514 arbor,
546 2467 619 2505 nunc
629 2457 685 2504 erat
695 2448 784 2504 birtus
797 2464 869 2521 aper:

136 2539 137 2544 ¹
154 2522 181 2576 hi
194 2523 279 2580 iaculo
289 2527 390 2597 pisces,
411 2523 451 2579 illi
461 2524 604 2595 capiuntur
614 2525 647 2580 ab
657 2524 763 2580 hamis:

191 2597 240 2653 hos
249 2616 313 2655 cava
323 2608 446 2657 contento
455 2600 519 2653 retia
533 2597 597 2656 fune
606 2601 727 2657 trahunt.

99 2683 138 2727 7⁶5
153 2673 207 2728 Nec
218 2673 266 2728 tibi
275 2677 415 2732 conveniet
423 2682 533 2732 cunctos
542 2675 640 2734 modus
650 2693 725 2734 unus
738 2675 773 2734 ad
782 2692 878 2735 mnae:
