1868 2962
127 141 177 195 2l8
313 143 341 189 P.
363 139 491 226 ovmu
509 140 679 188 NASONIS

128 249 265 318 Tuncque
274 243 422 308 subiectus,
443 242 520 299 solito
530 260 617 316 neque
626 242 754 301 blandior
764 250 825 301 cato.

165 323 233 376 Haec
242 321 325 375 animi
337 318 454 374 multum
465 320 541 393 signa
554 320 674 375 nocentis
685 320 794 377 habent.

128 398 178 453 Sad
189 396 261 451 lateri
274 413 321 450 nec
332 412 409 467 parce
420 402 475 449 tuo.
507 396 561 449 Pax
571 396 662 450 omnis
673 395 702 450 iu
713 395 761 452 illo
769 401 818 451 ont:

165 472 309 527 concubitu
320 472 391 542 prior
401 479 441 524 est
450 467 593 523 inficianda
603 470 706 527 Vanus.

73 557 113 604 445
127 547 205 612 Sunt,
227 547 274 618 qui
286 546 448 618 praecipiant
458 544 563 608 herbas,
585 546 716 611 satureia.
738 552 852 604 nonanus

167 639 288 678 rumora:
310 621 416 675 iudiciis
427 620 477 674 ista
488 636 589 674 vcnena
600 620 684 676 meis:

129 709 175 753 aut
185 698 261 770 piper
270 697 370 752 urticae
380 694 512 750 mordacis
523 695 626 750 semina
636 695 767 764 miscent3
854 741 859 752 .

165 774 281 845 tritaque
290 772 317 826 in
330 788 431 827 annoso
442 769 507 826 flava
518 770 644 844 pyrethra
658 788 743 827 moro.

129 849 180 904 Sad
190 850 237 903 dea
248 864 296 902 nec
305 848 403 918 patitur
412 847 452 901 sic
461 846 495 901 ad
505 863 554 900 sua
565 862 678 902 munera
688 847 759 921 cogi,
782 894 786 899 .

75 933 114 981 ltu
165 922 231 980 colle
240 923 292 977 sub
302 922 429 978 umbroso
438 939 521 993 quam
531 929 601 976 tenet
610 920 681 977 altus
691 922 777 997 Eryx.

130 998 276 1062 Candidus,
297 995 417 1052 Alcathoi
429 998 477 1068 qui
488 998 603 1052 mittitur
613 998 681 1053 urbo
691 997 809 1073 Pelasga,

167 1073 277 1139 bulbus,
298 1081 333 1138 ct,
355 1090 388 1128 cx
397 1073 472 1128 horto
482 1089 551 1145 quac
559 1072 647 1138 vonit,
668 1073 753 1129 herba
764 1073 841 1137 salax.

129 1167 233 1221 ovaque
241 1156 397 1214 sumantur,
418 1156 560 1203 sumantur
569 1149 703 1222 Hymettia
715 1147 803 1215 mella,

168 1242 291 1297 quasque
301 1224 362 1279 tulit
372 1223 435 1279 lolio
444 1225 526 1295 pinus
537 1231 613 1279 acuta
626 1241 719 1279 nuces.

75 1309 114 1354 ton
129 1302 217 1364 Docta,
238 1298 485 1370 quidadmedicas,
506 1299 599 1365 Erato,
620 1297 854 1356 deverterisartast

168 1375 278 1429 Interior
287 1390 368 1429 curru
379 1382 447 1429 meta
458 1374 565 1430 terenda
578 1393 637 1430 mco
650 1384 701 1431 cst.

130 1449 181 1516 Qui
193 1450 272 1506 modo
282 1449 386 1505 celabas
397 1451 501 1505 monitu
511 1457 557 1505 tua
569 1451 683 1505 crimina
695 1458 799 1519 nostr03

167 1524 309 1592 llcctoitor‚
330 1534 356 1581 et
365 1525 468 1582 monitu
478 1525 570 1599 detego
580 1525 649 1581 iurta
659 1543 730 1582 meo.

130 1602 184 1656 Nec
193 1600 286 1656 levitas
296 1600 428 1674 culpanda
437 1619 495 1656 mca
505 1609 561 1656 est:
583 1619 632 1657 noc
641 1602 842 1674 scmpcroodam

76 1683 115 1730 tto
168 1677 307 1748 impositos
317 1685 396 1732 vento
406 1676 494 1749 panda
503 1676 593 1732 carina
607 1677 691 1734 vehit.

131 1753 198 1806 Nam
209 1753 287 1807 modo
297 1752 419 1807 Threicio
428 1753 523 1817 Borea,
539 1752 624 1808 modo
640 1752 778 1808 currimus
793 1752 864 1807 Euro·

169 1844 246 1898 saepo
255 1835 359 1883 tument
368 1828 490 1902 Zephyro
500 1827 589 1893 lintea,
611 1845 690 1900 saepo
699 1829 777 1884 Noto.

131 1901 256 1972 Adspice,
276 1912 307 1959 ut
317 1904 345 1960 in
355 1921 436 1959 curru
447 1903 525 1959 modo
534 1903 579 1958 dot
588 1902 719 1959 fluitantia
729 1911 812 1960 rector

171 1976 235 2043 lora,
256 1979 335 2034 modo
347 1980 479 2034 admissos
489 1987 544 2034 arte
555 1985 768 2050 retantctequos.

77 2058 116 2106 435
132 2051 209 2117 Sunt,
230 2053 331 2124 quibus
341 2055 444 2126 ingrata
454 2054 547 2109 timida
557 2053 725 2128 indulgentia
735 2054 827 2109 servit:

169 2136 203 2193 et,
225 2128 248 2182 si
261 2126 334 2182 nulla
344 2130 437 2183 subest
447 2129 562 2194 aemula,
584 2128 693 2204 languet
701 2147 786 2186 amor.

132 2203 282 2258 Luxuriant
292 2203 375 2258 animi
385 2205 466 2260 robus
476 2204 636 2277 plerumque
644 2205 787 2261 secundis:

170 2297 218 2334 nac
227 2278 302 2334 lacila
311 2286 351 2333 cst
360 2296 444 2351 aequa
454 2281 593 2336 commoda
603 2288 692 2336 mento
702 2281 769 2353 pati.

132 2355 166 2408 Ut
177 2355 242 2409 levis
253 2355 383 2410 absumtis
392 2354 532 2427 paullatim
542 2356 647 2412 viribus
658 2357 731 2430 ignis

78 2430 117 2479 lto
170 2431 227 2502 ipse
237 2428 307 2497 latet,
327 2430 539 2486 summocandct
551 2432 580 2487 iu
591 2432 748 2506 ignccinis:

88 2526 90 2530 ·
132 2504 179 2558 sed
190 2513 278 2562 tamen
287 2508 415 2563 extinctas
426 2505 532 2563 admoto
541 2506 644 2563 sulfure
653 2505 776 2567 ssammas

165 2581 288 2644 invenit:
311 2583 454 2649 etlumen,
472 2582 688 2654 qnouluuanta„
703 2585 785 2639 radit:

117 2652 170 2734 nib,
195 2663 250 2721 ubi
260 2666 346 2745 pigra
354 2664 415 2722 situ
426 2661 819 2730 occuranunpnctffiffluffilx
