1868 2962
137 155 187 209 252
336 159 366 204 Ρ.
388 156 516 203 ov11>11
534 156 706 204 NASONIS

120 262 124 271 '
174 257 295 313 Difficilis
308 265 398 313 nostra
408 257 527 329 poscitur
540 264 595 313 arte
606 256 692 314 uuor.

136 334 256 389 Rivalem
266 334 396 406 patienter
406 333 488 397 habe,
509 332 620 388 victoria
630 339 721 388 tecum

84 418 123 463 atu
174 409 267 464 stabit:
290 407 740 481 erismagnivictorinereelovis.

138 486 205 538 Haec
226 483 273 538 tibi
292 502 346 539 uon
365 483 516 547 hominem,
537 483 585 537 sed
603 494 722 554 quercus
747 484 822 539 crede
841 484 880 537 Pe-

622 557 662 613 las
682 577 713 613 as

176 634 273 689 dicere.
303 633 347 688 Nil
358 633 416 688 istis
429 651 473 687 ars
483 649 543 688 mea
552 631 642 688 maius
655 576 746 688 hgubet.

139 711 236 765 Innuet
246 709 305 773 illa,
327 709 409 764 feras:
430 708 541 773 scribet,
563 716 651 763 neten
671 709 822 765 etabellas:

177 786 341 849 undevoiet‚
362 784 466 839 veniat:
487 800 596 855 quoque
605 782 624 838 li
679 785 715 853 it,
736 794 788 840 eat.

86 868 125 915 555
140 862 194 917 Hoo
205 861 233 914 in
244 859 361 933 legitima
373 866 508 929 praestant
516 876 600 914 uxore
610 860 711 925 mariti,

178 953 274 1008 quum,
286 933 412 998 tener,ad
422 942 509 1004 partes
519 941 549 988 tu
559 951 677 1006 quoque,
688 953 792 1001 somne,
805 935 881 990 venis

141 1013 195 1067 Hac
204 1028 267 1084 ego,
287 1008 425 1073 confiteor,
447 1025 501 1063 non
512 1025 574 1064 sum
583 1008 717 1080 perfectus
728 1011 758 1066 in
769 1019 833 1066 arte.

178 1081 372 1153 Ouidiaciam‘?
391 1084 500 1138 monitis
509 1102 571 1139 sum
581 1084 669 1141 minor
678 1085 738 1158 ipse
748 1087 826 1142 meis.

141 1163 217 1216 Mene
226 1160 314 1232 palum
325 1167 429 1214 nostrae
439 1159 482 1213 det
491 1160 638 1232 quisquam
649 1160 728 1235 signa
740 1159 859 1234 puellae?

88 1250 126 1291 550
179 1244 204 1290 et
213 1234 315 1307 patiar?
334 1251 383 1290 nec
392 1252 435 1288 me
444 1234 565 1306 quolibet
574 1236 613 1290 ire
623 1234 709 1291 feret?

141 1309 239 1365 Oscula
249 1311 290 1363 vir
298 1309 413 1374 dederat,
435 1310 556 1376 memini,
575 1328 657 1367 suus:
678 1310 773 1368 osculo
782 1318 885 1385 questus

179 1383 320 1439 sumdata.
350 1384 474 1439 Barbarie
485 1394 573 1440 noster
582 1386 703 1441 abundat
713 1405 799 1444 amor.

143 1463 201 1516 Non
212 1459 293 1516 semel
304 1459 354 1516 hoo
364 1459 461 1515 vitium
472 1462 564 1517 nocuit
572 1461 650 1517 mihi.
673 1463 781 1519 Doctior
790 1463 835 1518 ille
842 1468 877 1517 eet

179 1555 234 1608 quo
243 1537 357 1591 veniunt
366 1535 412 1591 alii
422 1535 579 1592 conciliante
589 1537 651 1592 viri.

88 1626 127 1668 555
143 1612 194 1667 Sed
204 1612 301 1667 melius
312 1612 428 1666 nescisse
438 1610 498 1667 tuit.
527 1611 670 1667 Sinefurtu
680 1620 822 1688 teguntur:

181 1705 229 1742 neo
240 1687 325 1760 fugiat
334 1688 403 1742 victo
413 1686 498 1743 falsus
509 1688 542 1742 ab
552 1705 596 1743 ore
606 1687 704 1759 pudor.
760 1693 763 1697 ’

143 1764 202 1829 Quo
212 1762 313 1835 magis,
334 1761 481 1829 oiuvenes‚
501 1763 663 1835 deprendere
670 1764 773 1835 parcite
782 1770 885 1819 vesun.

181 1840 304 1894 Peoceut:
326 1847 464 1910 peccantes
474 1839 555 1893 verba
567 1838 673 1893 dedisse
681 1847 788 1910 putent.

144 1915 244 1970 Crescit
253 1931 328 1970 amor
336 1915 453 1985 prensis.
478 1914 530 1970 Ubi
539 1932 588 1987 par
598 1912 704 1969 fortuna
716 1914 834 1972 duorum
843 1919 885 1977 eet,

90 2004 128 2046 uuo
182 1992 210 2045 in
220 2007 342 2045 caussam
353 1989 446 2046 damni
456 1998 554 2062 perstet
563 1999 677 2062 uterque
686 1990 742 2044 eui.

146 2065 246 2120 Fabula
257 2073 378 2119 narratur
391 2073 443 2121 toto
453 2066 592 2121 notissima
602 2064 685 2131 coelo,

182 2140 336 2196 Mulciberis
345 2141 414 2210 capti
425 2142 550 2213 Marsque
559 2141 706 2212 Venusque
716 2139 797 2195 dolis.

147 2221 215 2272 Mars
226 2223 308 2289 pater,
328 2215 424 2269 insano
434 2217 544 2271 Veneris
555 2216 678 2271 turbatus
688 2234 789 2281 amore,

182 2295 214 2347 de
224 2293 291 2347 duce
300 2290 410 2346 terribili
420 2290 505 2345 sactus
515 2300 616 2347 amator
625 2301 689 2347 erut.

92 2380 131 2422 aea
147 2370 200 2422 Neo
210 2369 300 2424 Venus
310 2365 395 2422 oranti
408 2365 505 2438 (neque
514 2368 587 2421 enim
596 2366 645 2422 dea
655 2365 762 2422 mollior
773 2360 890 2435 ullaeet)

184 2444 281 2497 rustica
295 2441 420 2506 Gradivo,
441 2440 592 2497 ditficilisue
602 2441 663 2497 fuit.

147 2518 188 2572 Ah
199 2518 302 2588 quoties
315 2517 411 2572 lasciva
421 2516 501 2588 pedes
512 2518 604 2572 risisse
614 2516 703 2572 mariti

180 2592 294 2661 dicitur,
316 2592 745 2669 etdurasigueuetauemanust

128 2672 219 2729 Marte
225 2670 326 2748 palam
339 2665 760 2731 simulatuutouuumimuux
774 2663 891 2720 mm
