1868 2962
133 173 180 226 434
319 179 347 223 P.
368 174 495 222 OVIDII
513 176 684 223 NASONIS

77 294 101 334 2¹0
166 278 246 335 verbu
257 277 327 352 leges
337 277 442 352 digitis,
464 277 544 333 verba
554 285 642 333 notata
654 295 738 335 mero.

130 354 220 422 Quum
232 355 279 410 tibi
290 361 427 410 succurret
435 353 545 410 Veneris
556 353 664 409 lascivia
675 361 789 420 uestrae,

168 448 316 503 purpureas
326 439 415 486 tenero
425 428 521 502 pollice
530 437 609 504 tange
618 447 713 504 genas.

131 505 158 562 si
168 507 234 579 quid
244 507 307 572 erit,
328 506 361 561 de
371 523 413 561 me
424 506 501 561 tacita
510 505 584 578 quod
593 512 682 560 mente
691 506 821 578 queraris:

169 581 281 654 pendeat
290 591 406 637 extrema
417 580 506 637 mollis
516 581 550 635 ab
559 597 623 635 aure
633 597 743 636 manus.

77 669 102 712 25
131 655 222 726 Quum
235 656 299 723 tibi,
320 655 505 729 quaestuum,
527 654 653 720 mealux‚
674 655 806 721 dictumve,

609 730 718 796 cebuut,

169 805 390 880 versetur'digitis
399 805 518 862 annulus
527 823 615 878 usque
624 805 690 861 tuis.

131 884 221 957 Tange
231 900 312 937 manu
323 899 455 948 mensam,
463 888 638 956 tanguntque
649 899 723 937 more
731 900 821 955 precer

168 959 272 1030 optabis
282 957 376 1013 meritc
387 975 474 1029 quum
486 955 555 1011 mala
565 956 650 1012 muita
660 958 729 1014 viro.

131 1033 208 1102 Quod
219 1033 266 1088 tibi
278 1033 427 1098 miscuerit,
449 1032 552 1103 sapias,
573 1032 815 1105 bibatipsciubetc

79 1125 103 1165 30
169 1117 198 1163 tu
209 1126 323 1180 puerum
335 1107 527 1180 ieviterposce,
548 1107 621 1179 quod
631 1108 688 1179 ipsa
702 1108 786 1164 voles.

132 1184 205 1252 Quae
215 1192 243 1238 tu
254 1183 413 1250 reddideris,
434 1201 483 1258 ego
494 1183 600 1254 primus
610 1181 705 1254 pocula
719 1203 821 1240 sumam

169 1269 257 1331 etqua
268 1267 297 1314 tu
306 1259 419 1325 biberis,
441 1260 491 1314 hac
500 1276 549 1332 ego
562 1269 635 1330 parte
645 1258 737 1313 bibam

133 1334 160 1390 Si
171 1335 218 1390 tibi
230 1334 294 1390 forte
303 1333 391 1399 dabit,
411 1352 480 1407 quos
491 1334 700 1409 praegustaverit
711 1335 777 1407 ipse,

66 1408 70 1419 '
170 1409 586 1465 reiiceiibatcsiliiusoreeibcs.

79 1498 104 1542 35
132 1488 186 1542 Nee
195 1494 296 1558 premat
306 1485 350 1551 iile
360 1486 418 1541 suis
427 1485 508 1542 siuitc
517 1493 562 1540 tua
571 1484 637 1540 mila
649 1484 762 1540 lacertis.

171 1562 235 1617 mite
245 1579 293 1617 uec
303 1561 331 1616 in
342 1561 428 1636 rigido
437 1569 541 1633 pectore
550 1578 618 1632 pone
629 1567 720 1631 caput.

133 1639 187 1692 Nec
197 1639 274 1692 sinus
284 1637 406 1692 admittat
414 1637 527 1710 digitos,
548 1634 685 1691 habilesve
693 1637 819 1709 papillae.

171 1711 268 1768 Oscula
279 1711 419 1784 praecipue
429 1711 503 1766 nulia
513 1710 618 1766 dedisse
628 1710 705 1766 velis.

134 1787 231 1844 Oscula
241 1787 265 1841 si
274 1786 392 1852 dederis,
414 1786 477 1841 fiam
486 1785 646 1844 manifestus
656 1794 769 1854 amator,

80 1871 105 1917 tu
170 1870 196 1919 et
206 1863 307 1930 dicam,
328 1863 473 1932 Measuut3
495 1862 788 1934 iniiciamqucmanus.

134 1941 202 1995 Haec
210 1947 298 1994 tamen
308 1939 469 2010 adspiciam:
481 1938 528 1993 sed
538 1956 606 2010 quae
616 1938 684 1993 bene
693 1937 776 2010 pallia
786 1938 821 1994 cel

171 2013 216 2069 illa
226 2014 292 2068 mihi
302 2015 371 2069 caeci
380 2031 474 2069 caussa
485 2014 588 2069 timoris
598 2021 686 2070 erunt.

134 2092 188 2145 Nec
198 2088 292 2144 femori
301 2090 436 2144 committe
445 2089 546 2154 femur,
567 2107 616 2145 nec
625 2107 703 2144 crure
711 2090 821 2147 cohaere

172 2181 220 2220 uec
229 2172 350 2218 tenerum
359 2165 427 2220 duro
435 2183 498 2219 cum
508 2164 575 2236 pede
584 2165 783 2239 iungepedem.

80 2247 115 2293 45·
133 2239 216 2296 Multa
226 2238 307 2294 miser
317 2239 412 2306 timec,
433 2239 497 2312 quia
507 2239 555 2295 ieci
566 2239 650 2296 multa
659 2248 797 2311 proterve3

171 2314 341 2387 exemplique
351 2323 423 2370 metu
432 2322 556 2388 torqueor
566 2315 624 2387 ipse
633 2316 696 2370 mci.

134 2389 217 2462 Saepe
227 2391 293 2445 mihi
304 2390 481 2462 dominaeque
491 2409 564 2446 meae
574 2399 712 2463 properata
722 2393 821 2466 vciupt

172 2475 244 2520 veste
253 2466 305 2521 sub
315 2466 410 2521 iniecta
419 2465 496 2521 dulce
505 2467 608 2542 peregit
617 2485 696 2538 opus.

28 2544 30 2547 ’
136 2541 189 2594 Hoc
198 2550 227 2594 tu
240 2560 292 2596 uon
303 2540 397 2598 facies:
419 2541 464 2596 sed
475 2560 509 2596 ne
518 2541 611 2597 fecisse
618 2543 732 2614 puteris,
749 2582 751 2587 -

73 2626 100 2668 50
167 2616 651 2696 consciadetergopaiiiaderuetuc.

124 2688 821 2774 Virbibatusqueroga:§precibustarueucscxdede
