1868 2962
126 158 176 214 230
318 163 346 208 P.
368 160 499 209 ovmn
516 161 688 210 NASONIS

165 263 220 329 sed,
243 261 312 318 niale
322 263 366 327 sit,
388 265 464 318 tacita
479 271 566 318 mente
575 280 694 336 precare,
717 264 784 320 viro.

128 343 170 406 At,
191 356 278 412 quum
288 338 405 394 discedet
417 355 507 393 mensa
517 339 631 394 conviva
640 348 757 410 remota3

164 417 221 488 ipsa
232 415 281 469 tibi
292 432 414 470 accessus
423 414 501 469 turba
512 412 656 487 locumque
664 415 751 471 dabit.

74 505 113 549 605
128 493 216 548 lusere
227 499 251 546 te
261 491 368 545 turbae:
390 488 535 562 leviterque
545 489 670 546 admotus
680 492 767 558 eunti,

165 565 233 623 uelle
244 565 312 621 latus
323 565 424 639 digitis,
445 574 471 619 et
480 564 547 637 pede
559 573 640 639 tange
649 565 758 637 pedem.

129 642 261 715 Colloquii
273 642 326 697 iam
337 648 443 712 tempus
453 639 536 695 adest.
570 641 645 714 Fuge
655 642 757 697 rustice
768 641 842 716 lenge

166 719 230 773 hinc
240 717 339 789 pudor:
351 714 478 770 audacem
485 716 604 788 Forsque
613 716 764 790 Venusque
778 717 855 772 iuven

129 794 188 852 Non
200 802 244 848 tua
254 792 307 847 sub
318 799 423 848 nostras
432 790 521 846 veniet
531 789 655 847 facundia
665 791 749 867 leges.
801 796 804 803 '

76 884 115 926 clo
167 866 472 938 lactantumincipies‚
493 874 587 939 sponte
595 866 715 922 disertus
723 868 788 924 eris.

129 947 177 1002 Est
186 942 340 1018 elegendus
351 959 454 1005 amans,
467 941 773 1015 imitandaquevulnera
782 943 855 1000 verbi

167 1021 235 1076 Hinc
244 1018 291 1073 tibi
303 1025 447 1091 quaeratur
457 1017 578 1090 quelibet
587 1026 643 1072 arte
652 1018 731 1074 fides.

131 1098 184 1152 Nec
194 1095 264 1151 credi
276 1093 350 1151 labor
359 1101 413 1149 est:
434 1093 486 1148 sibi
497 1110 622 1166 quaeque
635 1094 744 1150 videtur
757 1094 855 1151 amand

168 1170 286 1226 Pessima
295 1170 339 1236 sit,
362 1168 429 1224 nulli
440 1186 495 1226 non
505 1186 555 1224 sua
566 1168 649 1226 forma
660 1169 757 1242 placet.

77 1259 115 1303 615
130 1247 212 1319 Saepe
222 1255 311 1301 umen
322 1262 384 1300 vere
393 1246 479 1317 coepit
488 1244 629 1300 simulator
638 1262 746 1303 amare:

168 1337 255 1392 saepe,
276 1319 350 1392 quod
361 1320 493 1392 incipiens
504 1321 616 1376 finxerat
625 1337 693 1387 esse,
716 1320 779 1377 fuit.

132 1396 191 1464 Quo
201 1395 287 1470 magis
296 1413 313 1450 c
322 1394 412 1451 faciles
423 1396 592 1452 imitantibus
600 1403 665 1462 este,
685 1396 804 1469 puellae.

168 1472 412 1537 cinamomum,
434 1471 738 1544 qulmndofictuserat.
832 1474 835 1479 '

131 1548 270 1605 Blanditiis
280 1547 403 1603 animum
414 1545 506 1602 furtim
516 1546 679 1619 deprendere
687 1546 729 1603 las
739 1557 789 1616 est,

78 1637 116 1681 ⁶20
167 1633 198 1680 ut
207 1623 326 1696 pendens
338 1622 441 1697 liquida
450 1622 509 1695 ripn
518 1623 626 1678 subitur
634 1639 716 1697 equa.

131 1697 298 1766 Neclaeiem‚
320 1716 368 1754 nec
379 1699 502 1773 tepigeat
511 1697 620 1754 laudare
628 1697 751 1771 capillos,

171 1783 197 1830 et
206 1782 299 1830 unctes
309 1774 418 1849 digitos,
439 1774 625 1849 exiguumque
635 1774 743 1846 pedem.

132 1849 264 1906 Delectant
274 1850 353 1906 etiam
363 1859 449 1907 castas
459 1850 599 1922 praeconia
609 1849 720 1906 formae.

168 1926 328 2001 Virginibus
337 1944 416 1983 curae
425 1934 554 2002 grataque
564 1924 648 1982 forma
658 1943 708 1981 sua
719 1932 770 1983 est.

79 2017 118 2060 625
132 2005 201 2058 Nam
211 2019 259 2058 cur
269 2002 297 2057 in
308 2002 433 2077 Phrygiis
445 2003 575 2057 lunonem
585 2008 610 2057 et
619 1999 728 2056 Pallada
737 2001 817 2058 silvis

170 2096 243 2134 nunc
252 2094 361 2151 quoque
373 2078 506 2133 iudicium
517 2095 571 2133 non
581 2077 700 2132 tenuisse
709 2076 813 2150 pudet?

132 2153 264 2210 Laudatas
274 2160 387 2208 ostentat
396 2153 453 2208 avis
464 2151 576 2208 Iunonia
587 2168 704 2224 pennas:

171 2231 194 2284 si
203 2229 299 2284 tacitus
310 2235 421 2299 spectes,
441 2226 487 2283 illa
497 2227 622 2283 recondet
629 2244 703 2300 opes.

133 2303 334 2376 Quadrupedes,
356 2303 424 2357 incer
434 2302 520 2375 rapidi
530 2303 675 2358 certamina
685 2320 795 2369 cursus,

80 2391 118 2434 530
170 2377 436 2450 depexaequeiubae‚
457 2377 800 2452 plausaquecollaluvant.

133 2454 187 2508 Nec
196 2454 288 2508 timide
297 2454 434 2525 piumilte:
456 2454 567 2510 trahunt
576 2453 708 2526 promissa
718 2451 824 2526 puellas

72 2525 73 2529 ’
172 2528 297 2583 Pollicitis
308 2536 386 2583 testes
394 2527 530 2600 quoslibet
539 2529 606 2585 adde
614 2528 689 2584 deos.

134 2602 233 2673 iupiter
242 2621 276 2658 ex
285 2603 337 2660 alte
347 2603 463 2676 periuria
474 2604 542 2659 ridel
551 2611 705 2674 amantum3

171 2683 196 2731 et
205 2677 279 2733 iubet
289 2678 391 2737 Aeolica
402 2679 475 2735 irrita
487 2678 554 2736 ferre
564 2681 655 2736 Nonas.
