1868 2962
90 134 93 141 '
177 146 294 196 sarrs
313 145 545 196 tueremur
563 151 636 197 aru.
655 151 701 199 111.
760 148 809 202 art

62 248 120 304 Nec
128 246 246 303 nimium
256 248 333 305 vobis
342 247 456 304 formosa
467 247 561 303 ancilla
572 251 712 309 ministret.
827 269 865 313 ⁶65

102 322 186 396 Saepe
195 324 280 379 vicem
291 320 414 379 deminae
424 324 553 396 praestitit
564 324 608 380 illa
618 328 695 384 mihi.

63 394 124 468 Quo
138 397 206 455 feror
217 398 348 454 insanus?
365 399 432 470 quid
441 407 531 470 aperte
541 408 643 471 petere
652 403 680 457 in
691 403 792 460 hostem

101 475 202 541 mittor,
223 482 248 529 et
257 474 356 530 iudicio
364 474 460 546 prodor
470 473 504 529 ab
513 475 571 545 ipse
579 475 656 532 mee‘l

63 551 124 606 Non
134 550 194 605 avis
204 550 355 621 aucupibus
366 557 503 615 monstrat,
524 567 579 621 qua
588 560 662 622 parte
671 561 787 625 petatur:

101 643 156 681 uon
166 624 241 681 docet
251 624 359 681 iulestos
368 641 474 679 currere
482 641 558 680 cerva
569 642 658 682 canes.
704 628 707 637 '
824 643 863 686 ete

63 699 166 756 Viderit
175 699 290 756 utilitas:
312 709 449 773 praecepta
458 698 569 754 fideliter
580 701 668 758 edam.

100 775 236 831 lemniasi
244 774 349 849 gladios
359 776 387 831 ia
398 792 457 831 mea
467 774 519 830 lata
529 775 611 831 daho?

62 848 176 916 Efficite,
196 858 223 905 et
233 849 309 906 facile
317 859 366 917 est,
386 860 417 907 ut
426 868 475 906 nes
484 851 623 907 credamus
632 853 730 909 amari:
815 886 820 896 ·

99 941 183 997 prena
192 925 266 981 veuit
274 927 415 998 cupidisin
425 944 474 982 sua
483 933 544 982 veta
554 926 629 983 tides.
658 942 661 947 ·

65 998 169 1072 Spectet
178 1000 321 1056 amabilius
330 1003 454 1057 iuvenem
463 1008 489 1057 et
498 1000 613 1074 suspiret
623 1003 656 1059 ab
667 1004 722 1060 ime
823 1015 862 1059 trs

100 1073 214 1145 lemiua3
236 1084 289 1131 tam
299 1095 358 1133 sero
367 1093 416 1131 cur
424 1077 567 1150 veniatque
576 1087 679 1152 roget·
702 1095 707 1099 ·

63 1149 195 1207 Accedant
204 1150 335 1217 lacrimae,
356 1151 711 1224 doleretdepellicetictus3

100 1234 126 1281 et
136 1224 217 1282 laniet
225 1225 317 1300 digitis
326 1225 401 1282 illius
409 1242 454 1282 ora
463 1226 531 1282 suis.

62 1300 224 1357 Iamdudum
233 1314 380 1374 persuasus
388 1302 452 1370 erit3
471 1302 643 1361 miserebitur
651 1303 734 1362 ultre:

99 1385 125 1432 et
133 1375 211 1442 dicet,
235 1376 305 1433 Cura
315 1376 433 1449 carpitur
443 1379 492 1432 ista
504 1377 567 1433 mei.
821 1376 860 1436 eae

60 1451 214 1523 Praecipue,
234 1451 258 1506 si
267 1452 356 1507 cultus
365 1452 424 1518 erit,
443 1452 605 1525 speculoque
613 1452 736 1525 placebit,

97 1543 179 1599 posse
187 1544 238 1582 suo
247 1527 320 1602 tangi
329 1526 417 1582 credet
424 1543 515 1583 amere
526 1531 602 1587 deas.

60 1601 155 1668 Sedis,
176 1619 398 1676 quaecunquees,
419 1601 659 1660 moderateiniuria
671 1606 770 1672 turbet3

97 1695 151 1734 neu
161 1678 199 1732 sis
209 1677 297 1733 audita
306 1677 400 1752 pellice
408 1678 506 1733 mentis
515 1679 603 1750 inops.

59 1754 115 1808 Nec
123 1752 176 1808 cite
183 1753 335 1810 credideris.
356 1753 491 1822 Quantum
501 1754 553 1810 cite
561 1753 666 1809 credere
677 1753 769 1822 laedat,
819 1767 858 1810 eeu

97 1827 252 1900 exemplum
262 1830 338 1885 vobis
351 1847 406 1886 nen
416 1828 473 1885 leve
483 1829 586 1884 Procris
596 1830 654 1885 erit.

59 1904 108 1959 Est
119 1920 202 1976 prope
211 1921 358 1976 purpureos
367 1902 447 1960 eolles
455 1902 571 1960 florentis
581 1904 697 1978 Hymetti

96 1978 157 2035 lens
170 1995 252 2044 sacer,
273 1987 299 2034 et
308 1979 388 2036 viridi
398 1979 496 2051 cespite
506 1978 594 2035 mellis
605 1980 715 2036 humus.

59 2053 132 2110 Silva
142 2071 239 2109 nemus
250 2072 303 2110 uon
314 2054 365 2110 alta
376 2053 450 2109 lacit:
472 2053 536 2128 tegit
544 2055 656 2111 arbutus
665 2056 789 2112 herbam:

96 2146 140 2186 ros
152 2129 244 2195 maris,
265 2137 291 2184 et
300 2128 401 2194 laurus,
423 2129 553 2202 nigraque
561 2140 668 2206 myrtus
677 2131 761 2187 olent:
816 2145 854 2186 ecc

59 2221 108 2259 nec
116 2204 230 2259 densum
241 2203 311 2259 loliis
320 2204 435 2270 buxum,
456 2203 617 2279 fragilesque
627 2207 751 2280 myricae,

96 2296 146 2337 uec
154 2286 247 2335 tenues
256 2279 344 2354 cytisi,
365 2278 490 2352 cultaque
498 2280 580 2353 pinus
590 2283 672 2337 abest.

58 2354 177 2410 Lenibus
188 2353 322 2427 impulsae
330 2355 459 2431 Zephyris
468 2373 585 2430 auraque
594 2355 694 2412 salubri

95 2437 133 2486 tet
140 2447 269 2504 generum
280 2429 386 2488 frondes
394 2431 529 2505 herbaque
538 2449 645 2488 summa
660 2431 755 2486 tremit.

59 2505 139 2562 Grata
147 2505 225 2578 quies
235 2505 361 2579 Cephalo.
381 2506 502 2563 Famulis
510 2508 676 2578 canibusque
685 2506 781 2562 relictis
815 2522 853 2564 ees

96 2580 183 2637 lassus
192 2581 221 2637 in
232 2581 282 2638 hac
290 2582 396 2638 iuvenis
405 2600 483 2658 saepe
492 2582 589 2639 resedit
598 2582 699 2638 humez

56 2654 181 2726 Quaeque
187 2674 263 2713 meos
270 2657 373 2717 releves
382 2669 488 2732 aestus,
509 2667 622 2719 canuae
634 2658 756 2725 edebat„
