1868 2962
215 150 381 203 amenum
397 148 508 203 mnu
534 158 591 204 nc.
608 144 649 204 ri.
764 138 812 205 rr't

64 253 112 310 sed
133 253 288 329 Scythiam,
312 255 462 330 Cilicasque
481 256 562 325 leros,
585 257 737 331 viridesque
757 263 814 317 Bri-

602 341 707 400 munos,

101 421 228 478 quaeque
236 405 393 462 Prometheo
402 425 466 463 saxa
475 424 569 462 cruore
582 408 686 464 rubent.
843 419 868 463 tu

65 479 163 536 Ulmus
172 489 244 536 amat
254 481 334 548 vites,
355 483 418 538 iltis
428 501 482 538 non
494 481 703 540 deseritulmus:

102 570 213 628 separor
222 574 237 612 a
246 556 355 613 domina
365 574 413 613 cur
421 576 471 632 ego
482 576 561 629 saepe
573 556 651 613 mea‘l

64 631 99 687 Αἱ
108 631 179 686 mihi
192 638 217 686 te
226 632 348 689 comitem
358 632 467 690 iurabas
475 651 563 706 usque
573 632 691 690 suturam

103 724 151 780 per
162 723 220 773 me,
239 724 340 780 perque
349 708 454 775 oculos,
475 708 561 764 sidera
571 718 675 777 nostra,
697 717 765 765 tuos.

63 782 153 839 Verba
163 781 331 854 puellarum,
351 782 422 839 loliis
432 782 530 840 leviora
539 784 657 852 caducis,
843 795 868 840 tt

103 858 194 924 irrita,
215 875 271 930 qua
280 858 371 914 visum
381 867 436 925 est,
455 868 552 914 ventus
561 868 587 916 et
599 878 664 916 aura
677 859 775 916 lerunt.

64 932 93 989 Si
105 950 161 1006 qua
170 933 222 987 mei
235 940 323 989 tamen
333 934 411 989 estin
421 942 446 989 te
455 936 500 1006 pia
509 952 572 990 cura
582 935 680 1005 relicti3

104 1008 193 1080 incipe
202 1008 328 1081 pollicitis
338 1009 434 1064 addere
444 1008 509 1064 lacta
519 1011 587 1067 tuis:

63 1100 204 1158 parvaque
212 1084 415 1157 quamprimum
426 1086 591 1157 rapientibus
600 1085 692 1141 esseda
702 1087 809 1142 mannis

104 1160 164 1232 ips'a
173 1177 221 1232 per
230 1159 361 1215 admissas
370 1169 480 1215 concute
490 1159 543 1216 lora
553 1160 640 1216 iubas.
845 1173 870 1216 50

65 1235 175 1301 srvos.
197 1252 251 1307 qua
263 1235 363 1301 veniet,
384 1235 482 1290 tumidi
492 1235 622 1297 subsidite
631 1243 745 1303 montes.

105 1318 131 1365 et
141 1308 231 1366 faciles
241 1310 331 1366 curvis
344 1309 462 1367 vallibus
472 1319 540 1378 este,
563 1311 636 1369 viael

241 1487 486 1544 ELEGIA
531 1487 644 1542 xvlt.

68 1599 103 1663 Si
114 1607 178 1680 quis
187 1606 250 1674 erit,
270 1607 318 1680 qui
330 1614 407 1679 turpe
418 1614 494 1680 putet
502 1606 602 1663 servire
613 1604 731 1679 puellae3

106 1682 154 1738 illo
163 1683 306 1738 convincar
316 1682 402 1738 iudice
412 1683 498 1755 turpis
508 1700 566 1758 ego.

67 1757 125 1814 Sim
139 1756 198 1812 licet
207 1756 331 1822 infamis,
352 1757 417 1813 dum
428 1776 471 1814 me
481 1758 642 1814 moderatius
652 1767 721 1826 urat,

106 1850 177 1906 quae
187 1832 295 1904 Paphon
308 1841 334 1888 et
344 1831 425 1889 lluctu
436 1833 513 1906 pulsa
524 1833 639 1908 Cythera
651 1841 729 1890 tenet.

67 1908 157 1982 Atque
170 1908 275 1965 utinam
289 1907 412 1964 dominae
427 1911 500 1964 mitis
514 1925 624 1981 quoque
637 1909 732 1980 praeda
749 1908 817 1966 luis-

603 2000 675 2052 sem;
859 1997 872 2038 a

106 2057 238 2114 formosae
247 2059 374 2131 quoniam
385 2059 482 2131 praeda
496 2056 603 2113 lutums
613 2077 695 2115 eram.

69 2134 118 2189 Dat
129 2132 209 2189 iacies
218 2135 336 2190 animos:
358 2135 423 2190 lacie
433 2132 545 2189 violenta
556 2133 671 2190 Corinna
681 2142 730 2188 est.

106 2210 149 2264 lrle
160 2209 304 2264 miserum!
325 2226 373 2265 cur
383 2217 422 2264 est
431 2217 484 2264 tam
496 2208 562 2264 bene
573 2219 632 2265 nota
643 2207 716 2264 sibi?

69 2283 175 2340 Scilicet
185 2301 200 2340 a
210 2284 311 2357 speculi
323 2294 469 2341 sumuntur
480 2283 597 2358 imagine
607 2285 706 2352 lastus3

108 2377 157 2415 nec
167 2359 219 2415 nisi
230 2362 403 2432 compositam
413 2378 443 2415 se
452 2359 524 2415 videt
534 2358 577 2414 illa
590 2360 675 2431 prius.
848 2369 872 2411 lu

71 2435 189 2502 Non,tibi
201 2437 223 2490 si
237 2435 314 2490 iacies
325 2437 439 2491 nimium
450 2435 495 2490 dat
506 2435 532 2489 in
543 2439 633 2490 omnia
643 2447 767 2507 regnum,

108 2512 134 2584 (ο
146 2509 224 2565 iacies
233 2510 324 2567 oculos
338 2521 397 2565 nata
409 2521 495 2566 tenere
505 2527 578 2565 meos
587 2509 604 2581 l)

70 2585 197 2642 collatum
210 2585 306 2641 idcirco
317 2585 364 2640 tibi
376 2603 419 2642 me
428 2595 598 2644 contemnere
609 2581 704 2639 uelles.

101 2661 200 2729 Aptari
205 2661 313 2735 magnis
324 2660 454 2723 inferiora
465 2663 540 2722 licet.

93 2737 168 2794 Oam.
190 2741 258 2798 711.
368 2800 371 2804 ,
720 2745 763 2803 uk
