1868 2962
215 208 265 256 AI)
285 207 423 256 LIVIAM
440 208 660 256 AUGUSTAM.
762 204 811 259 323

101 326 189 383 quum
200 309 306 365 iuvenis
315 309 408 382 patriis
417 309 514 364 excidit
522 310 591 364 ictus
600 311 688 382 equis.

62 382 335 460 Congelatinterdum
346 384 478 451 lacrimas,
499 384 639 458 duratque,
655 394 792 459 tenetque:

104 477 305 533 suspensasque
314 460 400 516 oculis
409 459 500 516 fortior
509 460 577 515 ictus
586 461 650 534 agit.

64 537 228 609 Erumpunt,
245 536 395 608 iterumque
403 543 516 610 gravam
523 537 713 610 gremiumque
721 537 813 592 sinus-

617 628 660 678 ue,
827 625 866 667 111

101 685 202 741 effusae
210 684 329 760 gravidis
339 685 522 758 uberibusque
529 628 617 760 genisll

66 762 94 815 ln
106 763 178 816 vires
187 759 253 817 abiit
262 758 341 815 flendi
351 777 435 816 mora.
468 761 572 817 Plenior
582 761 653 818 unda

101 835 209 900 defluit,
229 835 326 910 exigua
336 836 359 889 si
369 852 423 907 qua
434 844 531 891 retenta
542 853 626 893 mom.

65 910 184 966 Tandem
194 910 242 965 ubi
251 927 299 982 per
309 909 431 965 lacrimas
444 908 527 976 licuit,
539 913 578 966 sic
587 911 683 968 flebilis
692 929 751 968 orsa
763 922 811 977 est,

103 984 226 1060 singultu
239 984 343 1040 medios
353 985 514 1058 impediente
523 1005 617 1043 sones.
829 993 868 1042 1111

64 1061 140 1125 Nate,
162 1060 252 1115 brevis
263 1058 375 1126 fruetus,
395 1060 512 1133 duplicis
522 1079 579 1117 sors
589 1061 669 1117 altera
685 1071 794 1134 partus,

124 1135 339 1200 loriaccnlectae,
361 1143 430 1201 nate,
451 1137 578 1207 parentis,
599 1136 705 1192 ubiesl

28 1226 31 1230 ·
65 1154 121 1265 sed
132 1227 220 1284 neque
234 1212 288 1266 iam
312 1209 443 1282 duplicis,
465 1228 553 1284 neque
572 1211 626 1266 iam
645 1229 703 1267 sors
722 1211 812 1279 altera,

620 1295 702 1354 artus,

102 1359 188 1434 gloria
197 1359 329 1415 conlectae
342 1377 416 1416 nunc
425 1378 534 1434 quoque
544 1304 647 1429 mallis,
669 1363 716 1419 ubi
727 1362 774 1417 es‘?

65 1436 137 1490 lleul
153 1433 336 1500 modulamus,
351 1435 451 1491 ubies‘l
463 1436 698 1509 Tumuloportaris
708 1446 733 1493 et
743 1439 810 1511 igni.
829 1451 867 1494 115

104 1511 174 1565 llaec
183 1519 248 1566 sunt
257 1511 285 1567 in
297 1511 397 1566 reditus
407 1510 476 1566 dona
488 1513 605 1583 paranda
616 1511 695 1569 tuos?

65 1585 170 1641 Siccine
179 1585 279 1660 dignus
289 1604 348 1642 eras
356 1585 442 1642 oculis
450 1603 587 1642 occurrere
597 1587 708 1642 matris‘l

103 1660 147 1716 Sic
157 1662 373 1736 egotereducem
383 1661 465 1737 digua
475 1661 565 1717 videre
574 1661 632 1718 lui?

66 1736 187 1792 Caesaris
197 1738 275 1792 uxori
285 1739 309 1793 si
320 1737 381 1793 talia
391 1737 477 1793 dicere
487 1736 527 1792 ias
536 1746 590 1807 est3

103 1813 158 1867 iam
171 1811 274 1879 dubito,
297 1831 408 1886 magnos
418 1831 452 1868 an
463 1830 589 1868 rearesse
599 1813 672 1869 deos.
827 1827 866 1871 13⁰

66 1889 135 1943 Nam
145 1886 212 1958 quid
222 1905 270 1962 ego
280 1886 396 1942 admisi‘i
405 1904 474 1960 quae
485 1905 537 1943 non
548 1904 597 1961 ego
608 1888 720 1943 numina
730 1889 814 1956 cultu,

103 1979 173 2035 quos
183 1979 232 2036 ego
242 1980 295 2018 nen
305 1963 379 2035 potui
390 1963 554 2018 demeruisse
563 1961 644 2018 deos?

66 2038 115 2092 llic
125 2037 231 2110 pietatis
241 2035 343 2094 honus?
361 2039 443 2094 Attus
453 2037 596 2110 amplector
604 2034 707 2105 inanes,

103 2122 129 2167 et
141 2121 216 2168 voret
226 2114 275 2169 hos
285 2114 358 2185 ipsos
368 2111 475 2169 llamma
485 2108 622 2188 rogusque
631 2116 718 2171 sinus.

66 2189 138 2243 Tene
147 2205 196 2262 ego
205 2189 324 2243 sustineo
334 2189 451 2260 positum
462 2188 586 2245 scelerata
595 2190 705 2246 videre?
828 2201 867 2245 135

104 2264 175 2318 Tene
185 2280 258 2317 meaa
269 2271 393 2335 poterunt
401 2280 511 2338 ungere,
532 2274 605 2333 nate,
627 2265 744 2321 manus?

66 2337 342 2412 Nuneegateinlelix
352 2355 491 2394 summum
500 2347 629 2412 teneoque
643 2339 775 2414 tuorquel
831 2344 834 2351 ’

105 2413 258 2487 ellingoque
274 2411 391 2469 manus?
410 2432 509 2488 oraque
519 2416 552 2471 ad
562 2433 607 2471 ora
618 2415 691 2473 lero‘?
720 2437 728 2446 ³

66 2491 146 2544 Nunc
155 2489 274 2559 primum
285 2488 429 2561 adspiceris
439 2491 534 2547 consul
545 2491 683 2564 victorque
693 2489 813 2562 parentii

104 2563 148 2618 Sic
159 2563 236 2630 mihi,
256 2565 296 2621 sic
307 2564 418 2622 miserae
432 2566 542 2622 nomina
551 2564 743 2623 tantareiers‘l,
832 2572 881 2612 xm

63 2637 266 2710 Ouosprimum
279 2640 335 2701 ridi
349 2639 454 2713 iusces,
472 2643 508 2701 in
517 2641 619 2700 iuuere
625 2640 710 2709 undu,
800 2673 802 2677 .

89 2720 118 2766 et
128 2713 186 2770 ridi
195 2733 318 2792 eversos,
343 2720 552 2801 indiciumque
560 2717 651 2778 undu.
706 2793 781 2850 m
