1868 2962
232 172 238 208 ἶ
256 177 436 226 REMEDIA
452 180 609 228 auctus.
747 174 801 231 Ι289

91 278 194 337 Adfluit
203 279 316 337 incautis
326 280 472 337 insidiosus
484 279 576 338 Amor.

50 355 189 413 Desidiam
199 373 266 427 puer
275 355 320 411 ille
328 357 406 430 sequi
416 356 497 412 solet:
508 356 564 412 odit
573 363 690 431 agentes.

91 432 131 486 Da
142 448 240 486 vacuae
249 432 343 497 menti,
364 440 556 505 quoteneatur.
577 449 656 503 opus.
817 448 856 491 150

51 507 125 563 Sunt
134 505 199 571 fora,
219 515 282 561 sunt
292 506 372 581 leges,
395 515 430 574 et,
450 525 519 579 quos
532 508 645 572 tuearis,
667 509 760 565 amici:

91 580 160 636 vade
169 598 217 653 per
225 582 343 637 urbanae
351 581 490 654 splendida
500 591 585 637 castra
597 591 681 655 togae.

52 656 102 713 vet
113 664 143 711 tu
152 657 293 730 sanguinei
304 656 430 712 iuvenilia
442 675 552 712 munera
563 656 655 713 Martis

92 731 216 804 suscipe:
236 730 345 786 deliciae
355 733 408 787 iam
418 733 467 787 tibi
478 741 549 806 terga
559 732 671 787 dabunt.

51 808 122 863 Ecce
132 804 216 880 fugax
225 807 348 872 Parthus,
368 808 459 882 magni
469 825 538 863 nova
550 824 645 862 caussa
656 807 795 881 triumphi,
818 821 856 864 155

92 882 147 937 iam
157 881 228 936 videt
237 882 266 936 in
275 882 377 954 campis
387 882 506 938 Caesaris
516 900 589 937 arma
604 882 672 938 suis.

53 957 139 1014 Vince
149 956 310 1029 Cupidineas
321 957 418 1029 pariter
427 958 591 1030 Parthasque
599 959 708 1032 sagittas
722 979 728 1013 z

93 1040 119 1087 et
128 1030 195 1086 refer
206 1031 240 1086 ad
248 1032 348 1104 patrios
357 1033 421 1087 bina
431 1041 536 1105 tropaea
546 1033 619 1088 deos.
771 1049 774 1054 ·

55 1109 89 1164 Ut
98 1105 181 1162 semei
192 1105 282 1162 Aetola
294 1107 387 1162 Venus
396 1116 459 1162 esta
470 1107 581 1179 cuspide
591 1107 674 1173 laesa:

93 1181 203 1238 mandat
212 1181 323 1238 amatori
334 1180 402 1237 belia
411 1183 526 1256 gerenda
536 1200 595 1237 suo.

54 1257 208 1326 Quaeritur,
227 1256 373 1332 Aegisthus
382 1265 465 1330 quar'e
476 1258 511 1312 sit
523 1256 607 1312 iactus
616 1258 737 1314 adulter?

93 1333 124 1388 In
135 1339 242 1405 promtu
251 1350 332 1387 causa
341 1341 394 1388 est:
414 1333 563 1388 desidiosus
573 1341 638 1388 erat.

54 1408 216 1482 Pugnabant
224 1406 269 1462 alii
279 1408 361 1463 tardis
371 1409 443 1480 apud
453 1407 621 1477 Iiionlarmis,

93 1501 149 1555 quo
162 1481 257 1537 tulerat
267 1483 337 1538 vires
347 1483 457 1539 Graecia
467 1490 519 1538 tota
529 1501 603 1537 suas.

55 1556 491 1629 Siveoper'ambeliisvelletdare¹
512 1556 717 1631 nuliagerebat;
767 1586 770 1591 ·
818 1573 856 1614 tet

93 1633 152 1688 sive
161 1631 227 1699 foro,
250 1650 366 1688 vacuum
377 1633 470 1688 litibus
479 1632 566 1708 Argos
576 1641 640 1688 erat.

55 1708 134 1777 Quod
144 1709 240 1780 potuit,
261 1707 335 1778 iecit;
357 1727 390 1764 ne
400 1708 439 1764 nil
450 1718 580 1784 ageretur,
602 1709 710 1763 amavit.

93 1783 138 1838 Sic
147 1783 221 1838 venit
231 1781 275 1838 iiie
285 1801 367 1856 puer;
388 1783 429 1839 sic
437 1803 505 1857 puer
514 1784 559 1839 iile
568 1791 667 1839 manet.

55 1861 128 1915 Rura
140 1876 248 1931 quoque
257 1858 388 1914 oblectant
397 1860 511 1925 animos,
534 1860 709 1931 studiumque

591 1932 709 1989 colendi:

93 2007 228 2081 quaelibet
236 2008 302 2066 huic
309 2025 389 2064 curae
397 2008 488 2064 cedere
499 2026 563 2064 cura
571 2017 666 2082 potest.

56 2083 130 2141 Cella
141 2084 203 2140 iube
212 2083 326 2140 domitos
336 2084 410 2141 oneri
421 2102 571 2157 supponere
580 2092 670 2141 tauros
679 2104 685 2154 3

94 2160 196 2217 sauciet
204 2167 235 2215 ut
245 2160 341 2215 duram
352 2177 445 2216 vomer
453 2159 574 2215 aduncus
586 2160 712 2216 humum.

56 2233 147 2290 Obrue
156 2240 259 2291 versata
269 2233 386 2291 Cerealia
395 2235 498 2291 semina
507 2242 585 2303 terra,

95 2327 165 2383 quae
174 2309 223 2366 tibi
232 2327 295 2365 cum
305 2309 390 2366 multo
399 2309 503 2367 foenore
513 2311 605 2367 reddat
614 2329 686 2384 ager.

57 2384 172 2458 Adspice
181 2394 303 2442 curvatos
313 2403 454 2458 pomorum
463 2385 579 2458 pondere
588 2403 690 2453 ram0s;

93 2468 125 2516 ut
136 2478 196 2526 sua,
217 2460 290 2534 quod
299 2462 415 2532 peperit,
434 2460 732 2517 vixieratarboronus.

57 2536 172 2608 Adspice
183 2533 299 2591 labentes
310 2536 427 2592 iucundo
437 2552 576 2592 murmure
584 2535 656 2590 rivos
668 2556 674 2589 ι

95 2609 203 2680 adspice
212 2610 348 2666 tondentes
356 2611 443 2668 fertile
453 2630 570 2689 grauun
578 2629 659 2670 oues.

47 2686 115 2814 52⁰0
122 2691 221 2820 ΡθῑΤυυΙῑ
229 2702 312 2757 rupes
318 2698 535 2767 praeruptaque
546 2708 620 2750 saxa
629 2684 774 2824 capeitpe„

98 2780 147 2815 tw,
183 2805 190 2817 .
220 2809 226 2821 ,
