1868 2962
243 138 451 205 ennomus.
480 162 536 206 nr.
552 159 609 209 xv.
774 153 806 206 73

58 257 112 312 Neo
120 255 183 329 plus
193 256 315 325 Alcaeus,
327 278 435 316 consors
445 261 597 333 patriaeque
606 260 740 334 lyraeque,

95 332 184 387 leudis
195 334 284 401 babet,
296 336 422 406 quamvis
431 335 560 410 grandius
571 335 615 390 ille
624 344 708 390 sonet.
837 348 861 388 ao

58 406 84 462 Si
96 407 167 462 mibi
176 408 295 464 difficilis
306 410 417 466 formam
429 418 523 466 natura
535 411 649 484 negavit,

94 482 206 558 ingenio
218 483 318 540 formae
327 485 425 541 damna
435 484 551 558 rependo
561 503 644 540 meae.

58 557 126 613 Sum
136 558 242 616 brevis:
251 569 284 615 -at
293 578 400 626 nomen,
412 562 485 634 qnod
495 569 577 615 terras
588 559 695 631 impleat
703 579 805 627 omnes,

95 634 228 690 estmibi:
250 653 404 690 mensuram
415 637 533 692 nominis
543 636 601 707 ipsa
611 634 674 689 lero.

57 708 178 765 Candida
188 710 211 765 si
222 728 276 765 non
285 711 468 782 sum‚placuit
477 712 591 783 Cepheia
602 711 696 764 Perseo
837 724 861 765 aa

95 783 274 851 Andromede,
285 787 385 858 patriae
394 786 469 842 lusca
478 787 562 842 colore
572 804 645 841 suae.

57 861 92 914 Et
101 860 185 914 variis
196 860 271 914 albae
281 861 432 938 iunguntur
442 880 520 934 saepe
528 861 667 917 columbae
676 881 681 914 :

96 935 208 1009 einiger
218 953 232 990 a
243 936 323 991 viridi
332 944 420 992 turtur
430 946 534 993 amatur
544 955 601 992 ave.

59 1009 96 1076 Si,
109 1010 161 1064 nisi
173 1028 243 1083 quae
252 1009 316 1066 facie
325 1013 420 1083 poterit
429 1021 454 1067 te
464 1013 544 1087 digna
555 1012 648 1077 videri,

97 1085 172 1140 nulla
182 1084 272 1141 futura
283 1094 327 1141 tua
338 1095 386 1153 est,
400 1087 474 1143 nulla
482 1087 570 1143 futura
580 1095 625 1142 tua
635 1095 683 1141 est.
837 1093 862 1138 tu

59 1160 102 1228 At,
115 1178 159 1215 me
168 1178 255 1234 quum
267 1161 376 1236 legeres,
388 1163 467 1218 etiam
478 1162 591 1218 formosa
602 1160 725 1217 videbar:

97 1237 181 1291 unam
193 1238 300 1293 iurabas
310 1256 398 1311 usque
407 1238 497 1293 decere
507 1238 590 1310 loqui.

60 1311 217 1378 Cantabam‚
229 1312 350 1385 (memini
360 1335 366 1369 :
378 1314 558 1369 meminerunt
569 1313 658 1369 omnia
669 1311 809 1383 amantes)

97 1387 190 1442 oscula
200 1391 315 1444 cantanti
328 1397 356 1443 tu
367 1389 435 1444 mibi
446 1397 518 1462 rapta
529 1389 622 1443 dabas.

60 1463 130 1517 Haec
138 1459 247 1536 quodue
257 1463 394 1530 laudabas,
406 1464 534 1536 omnique
544 1482 558 1518 a
569 1471 642 1536 parte
651 1462 799 1534 placebam:
839 1469 863 1513 lo

97 1539 145 1597 sed
162 1546 225 1594 tuno
233 1541 384 1612 praecipue,
396 1558 483 1612 quum
494 1540 524 1594 fit
532 1538 638 1594 Amoris
649 1555 727 1608 opus.

60 1616 137 1668 Tunc
150 1620 176 1668 te
183 1613 247 1686 plus
256 1615 333 1671 solito
344 1614 452 1671 lascivia
462 1623 551 1671 nostra
561 1613 679 1678 iuvabat,

98 1690 245 1762 crebraque
254 1690 399 1758 mobilitas,
413 1699 527 1764 aptaque
537 1691 617 1745 verba
628 1687 697 1754 iooo;

60 1765 175 1838 quique,
195 1765 243 1821 ubi
257 1765 311 1821 iam
328 1768 470 1824 amborum
491 1765 576 1822 luerat
596 1772 734 1820 consumta
755 1782 801 1818 vo-

152 1900 154 1905 .
599 1840 695 1905 intas,

98 1916 234 1989 plurimus
243 1918 271 1972 in
281 1916 351 1974 lasso
360 1935 467 1990 corpore
476 1916 589 1991 languor
598 1857 661 1971 erlal.
840 1925 864 1965 5ο

59 1993 140 2048 Nunc
150 1991 199 2047 tibi
208 1992 333 2049 Sicelides
345 1995 467 2058 veniunt,
480 2010 548 2048 nova
558 1991 663 2064 praeda,
676 1988 788 2063 puellae.

98 2066 320 2135 Qnidmihioum
330 2067 434 2125 Lesbo?
452 2068 544 2123 Sicelis
553 2085 611 2123 esse
620 2066 690 2123 volo.

59 2142 153 2200 Alvos
161 2159 282 2200 erronem
292 2144 385 2200 tellure
395 2144 519 2200 remittite
529 2152 660 2209 nostrum,

97 2218 222 2274 Nisiades
231 2228 338 2287 matres,
349 2219 525 2292 Nisiadesque
535 2238 629 2275 nurus.

58 2295 120 2350 Neu
130 2311 179 2351 vos
189 2294 441 2368 decipiantblandae
451 2295 587 2351 mendacia
598 2294 715 2366 linguae.
840 2301 865 2343 55

99 2369 175 2438 Quae
183 2369 248 2426 dicit
256 2373 343 2439 vobis,
355 2372 457 2427 dixerat
467 2379 526 2426 ante
536 2370 614 2425 milri.

59 2447 103 2501 Tu
113 2463 232 2519 quoque,
254 2465 323 2520 quae
333 2455 435 2504 montes
445 2446 571 2510 celebras,
592 2442 717 2515 Erycina,
739 2440 812 2494 Sica-

128 2541 131 2549 ·
600 2534 658 2581 nos,

99 2594 173 2668 (nam
183 2603 229 2650 tna
239 2595 322 2671 sum‚)
331 2597 383 2655 vati
393 2595 515 2665 consule,
529 2594 605 2663 diua,
614 2600 692 2650 tuae.

54 2667 100 2723 An
105 2671 200 2740 gravis
210 2671 349 2745 inceptum
361 2678 471 2756 peragit
481 2677 610 2736 Fortuna
618 2681 766 2735 tenorent
