1868 2962
132 162 179 215 l00
318 163 349 209 Ρ.
370 161 497 209 0v1n11
515 161 682 208 NASONIS

76 281 101 324 25
130 266 246 338 Septima
256 263 416 337 peragitur,
426 261 545 336 spatium
555 263 625 318 mihi
634 260 744 338 longius
753 276 832 331 anuo,

167 339 312 397 sollicitum
322 338 409 394 raucis
419 347 450 393 ut
460 355 533 393 mare
542 337 624 393 fervet
634 338 724 411 aquis.
737 348 743 355 ‘

129 417 177 471 His
186 433 235 490 ego
244 415 268 470 si
278 414 334 470 vidi
344 413 503 469 mulcentem
513 421 618 485 pectora
627 431 755 469 somnum

168 491 301 557 noctibus,
313 487 402 545 insani
412 489 448 542 sit
457 505 531 544 mora
541 487 621 562 longa
630 488 699 545 laeti.

130 568 205 638 Rupe
214 565 310 621 sedens
320 564 410 637 aliqua
419 571 508 635 specto
521 572 565 618 tua
576 562 662 618 littora
672 564 772 619 tristis:

77 656 101 698 so
167 649 193 697 et
202 659 256 714 quo
266 659 319 697 non
329 655 442 713 possum
452 656 570 712 corpore,
582 647 669 694 mente
679 638 758 695 feror.

130 718 246 793 Lumina
259 717 327 790 quin
337 715 417 770 etiam
426 732 533 770 summa
543 713 682 788 vigilantia
693 722 766 770 turre

168 801 215 848 aut
224 792 296 847 videt
305 799 351 846 aut
360 789 430 845 acies
441 798 530 847 nostra
540 789 631 845 videre
640 797 726 861 putat.

130 871 180 924 Ter
192 868 260 922 mihi
269 867 387 938 deposita
397 865 476 922 estin
486 866 555 920 sicca
565 864 647 920 vestis
655 882 746 921 arena.

168 945 218 998 Ter
227 959 308 1017 grave
317 940 416 996 tentam
426 958 533 1013 carpere
543 939 634 997 nirdam
642 940 701 996 iter.

77 1034 102 1075 as
130 1017 238 1075 Obstitit
248 1017 361 1089 inceptis
370 1015 506 1073 tumidum
516 1014 681 1075 iuvenilibus
691 1032 801 1089 aequor,

168 1092 260 1148 mersit
269 1100 294 1148 et
303 1091 477 1149 adversiaora
487 1091 602 1152 calamis
612 1091 701 1164 aquis

131 1170 165 1225 At
178 1177 216 1234 tu,
227 1168 260 1223 de
269 1167 370 1240 rapidis
383 1166 639 1225 immansueussime
647 1166 745 1232 ventis,

132 1242 133 1246 ’
168 1244 235 1318 quid
244 1261 350 1298 mecum
359 1250 429 1297 certa
438 1241 538 1314 praelia
547 1251 635 1298 mente
643 1239 736 1316 geris?

131 1322 161 1375 ln
172 1337 223 1384 me,
234 1319 256 1373 si
268 1317 364 1382 nescis,
375 1317 466 1383 borea,
478 1334 667 1390 peraequare,
678 1317 777 1373 saevis.

78 1405 102 1450 lu
168 1394 240 1461 Quid
249 1392 356 1458 laceres,
371 1400 441 1447 esset
451 1390 479 1448 ni
489 1392 539 1449 tibi
550 1391 730 1449 sclusamor‘l

131 1472 196 1526 Tam
216 1467 322 1544 gelidus
340 1485 428 1542 quum
439 1468 487 1535 sis,
508 1486 562 1524 non
581 1476 607 1524 te
625 1475 723 1533 tamen,
745 1468 872 1540 improbe.

611 1543 750 1615 quondam

170 1620 280 1695 ignibus
289 1619 392 1675 Actaeis
402 1617 546 1674 incaluisse
558 1635 650 1692 neges.

132 1695 235 1752 Gaudia
244 1703 352 1766 rapturo
361 1693 385 1749 si
395 1694 459 1765 quis
468 1693 517 1748 tibi
528 1711 652 1766 rumpere
659 1691 739 1748 vellet

170 1771 253 1825 aerios
270 1769 368 1835 aditus,
381 1775 561 1841 quopaterere
570 1767 667 1824 modo?

77 1855 102 1901 45
132 1849 219 1910 Parce,
230 1861 332 1916 precor,
344 1843 502 1917 facilemque
513 1862 591 1900 move
600 1843 763 1900 moderatius
773 1861 874 1903 auram.

168 1922 282 1992 Imperet
290 1920 449 1993 Hippotades
460 1919 499 1974 sic
508 1919 557 1974 tibi
567 1920 641 1976 triste
648 1918 728 1974 uihil.

131 1998 205 2052 Vana
213 2002 283 2067 peto,
293 1996 473 2068 precibusque
481 1995 549 2050 meis
559 1995 746 2051 obmurmurat
754 1993 828 2066 ipse:

169 2087 291 2143 quasque
301 2070 395 2143 quatit.
411 2071 486 2127 nulla
495 2078 568 2142 parte
578 2072 678 2126 coercet
691 2087 786 2140 aquas.

132 2150 210 2205 Nunc
218 2147 291 2201 daret
301 2145 413 2201 audaces
424 2147 528 2202 utinam
539 2145 607 2200 mihi
616 2144 749 2200 Daedalus
758 2145 830 2215 ales3
849 2143 850 2146 ’

73 2222 103 2276 '50
169 2223 283 2278 Icarium
293 2222 419 2294 quamvis
428 2222 473 2276 hic
483 2238 565 2293 prope
575 2219 649 2276 littus
659 2220 747 2276 adest:

132 2297 265 2371 quidquid
275 2298 333 2361 erit,
344 2295 443 2369 patiar:
464 2295 733 2367 liceatmodocorpus
743 2294 773 2352 in
783 2313 862 2351 auras

170 2373 274 2440 tollere3
296 2371 368 2446 quod
377 2371 460 2427 dubia
468 2389 547 2443 saepe
556 2372 682 2444 pependit
690 2389 772 2444 aque

133 2451 242 2514 Interea,
253 2449 319 2504 dum
328 2455 423 2503 cuncta
437 2454 534 2521 negant
542 2448 668 2519 ventique
679 2445 843 2520 iratumque,

171 2533 258 2578 mente
269 2525 339 2598 agito
349 2521 413 2578 furti
424 2530 542 2594 tempora
551 2523 638 2594 prima
647 2521 711 2575 mei.

75 2612 102 2652 se
128 2601 191 2654 Nox
209 2607 264 2654 erat
281 2598 425 2675 iucipiens
440 2596 568 2674 (namque
586 2605 626 2653 est
645 2596 802 2652 meminisse
816 2615 864 2653 vo-

618 2671 724 2743 lupum
