1868 2962
10 978 14 1054 l

27 56 40 173 i
96 179 100 186 ,
265 125 477 171 nunninus.
504 127 561 170 nn.
574 127 593 170 1.
788 124 803 172 3

22 184 35 263 i
96 234 181 298 utque
189 225 225 279 sit
234 224 278 279 hic
288 242 382 280 somno
391 224 521 295 proditus,
534 224 578 279 ille
588 225 684 280 dolo..
832 237 857 281 lu

22 288 27 395 Ι
61 301 149 357 Ausus
160 319 198 366 es,
210 300 352 356 onimium
362 300 531 371 nimiumque
541 300 619 354 oblite
628 311 745 366 tuorum,

21 404 26 463 q
96 376 208 430 Thracia
221 384 351 430 nocturno
360 383 467 449 tangere
475 382 559 429 eastra
569 375 637 440 dolo,

59 460 148 524 tueque
158 449 240 505 simul
252 457 365 504 mactare
374 451 455 516 viroS,
467 449 574 504 adiutus
585 450 618 504 ab
628 468 688 506 uno.

28 568 31 575 .
95 527 206 581 Athene
215 533 310 580 cautus
320 543 386 591 erae,
399 534 424 579 et
433 543 535 579 memor
544 533 604 578 ante
614 526 675 580 mei.
790 589 793 593 <

58 602 150 673 Usque
159 609 232 657 metu
244 601 360 655 micuere
367 601 455 667 sinus,
469 601 534 655 dum
544 600 627 655 victor
637 601 752 657 amicum
831 611 856 657 ts

95 677 183 731 dietus
193 694 222 730 es
231 677 349 731 Ismariis
363 677 417 730 isse
428 693 475 748 per
485 693 581 749 agmen
591 677 678 746 ‚equis

58 751 109 806 Sed
119 752 187 806 mihi
198 751 265 823 quid
273 751 380 823 prodest
389 752 484 805 vestris
493 752 600 805 disiecta
610 751 712 806 lacertis

93 827 157 882 llios
177 837 211 892 et,
224 845 319 900 murus
333 827 405 898 quod
417 825 546 891 iuuante,
558 825 655 892 solum,

56 905 79 958 si
90 920 198 967 manee,
209 901 297 974 qualis
307 902 384 956 Troia
394 900 505 956 durante
515 903 665 967 manebam,

93 979 192 1049 virque
201 976 378 1043 mihi,demt0
387 975 441 1030 fine
452 976 590 1041 carendus,
604 976 694 1031 abest?
832 991 856 1032 au

10 1110 12 1116 ,
57 1055 149 1108 Diruta
160 1062 225 1107 sunt
234 1050 303 1118 aliis,
315 1052 364 1107 uni
374 1051 441 1105 milri
451 1052 578 1124 Pergama
586 1060 693 1118 restant,

94 1127 183 1183 incola
193 1127 297 1200 captivo
310 1145 379 1200 quae
388 1127 456 1182 bove
464 1128 548 1182 victor
557 1135 622 1181 arat.

58 1205 113 1258 lam
124 1220 202 1276 seges
212 1211 260 1269 est,
275 1203 322 1258 uhi
333 1203 410 1258 Troia
419 1201 479 1267 fuit,
492 1202 685 1273 resecandaque
695 1202 759 1258 lalce

10 1266 17 1339 Ϊ
94 1279 215 1333 luxuriat
224 1277 341 1352 Phrygio
351 1278 483 1351 sauguine
491 1277 601 1351 pinguis
612 1277 712 1331 humus

57 1353 234 1424 Semisepulta
244 1353 333 1409 virum
341 1353 432 1408 curvis
444 1351 575 1408 feriuntur
585 1353 676 1407 aratris
833 1367 856 1408 55

94 1446 170 1484 ossa:
193 1429 315 1484 ruinosas
324 1427 420 1485 oeculit
429 1428 510 1482 herba
524 1428 627 1483 domos.

10 1490 16 1509 ’
59 1505 147 1559 Victor
157 1503 235 1572 abes,
256 1505 380 1558 neeseire
390 1503 467 1568 mihi,
480 1520 549 1574 quae
561 1521 654 1556 caussa
664 1505 794 1568 morandi,

94 1579 181 1633 autin
191 1597 244 1650 quo
253 1578 334 1634 lateas
343 1578 442 1633 ferreus
452 1579 524 1643 orbe,
537 1577 605 1631 licet.

58 1653 190 1725 Quisquis
199 1654 233 1708 ad
243 1654 307 1708 haee
316 1655 394 1709 vertit
403 1654 570 1727 peregrinam
581 1653 665 1709 littera
675 1654 799 1726 puppim,

94 1728 141 1783 ille
151 1728 218 1783 mihi
228 1729 260 1783 de
270 1737 294 1784 te
304 1730 387 1784 multa
397 1738 503 1803 rogatus
513 1729 581 1796 ahit3
832 1743 857 1783 tu

59 1821 196 1876 quamque
204 1804 253 1857 tibi
266 1804 366 1869 reddat,
382 1806 405 1859 si
416 1804 528 1859 ternodo
541 1804 637 1859 viderit
647 1822 772 1876 usquam.

95 1880 208 1934 traditur
218 1879 281 1934 huie
290 1879 379 1952 digitis
389 1881 478 1934 charta
488 1887 574 1934 notata
588 1880 654 1934 meis

58 1955 111 2010 Nos
122 1952 218 2027 Pylon,
230 1955 333 2026 antiqui
344 1955 433 2009 Neleia
444 1954 561 2009 Nestoris
573 1972 645 2019 arva,

94 2030 235 2084 misimus:
257 2030 355 2084 ineerta
364 2039 404 2084 est
413 2030 483 2084 fama
492 2029 601 2084 remissa
612 2029 686 2103 Pylo.

58 2105 183 2159 Misimus
196 2112 221 2159 et
230 2103 356 2174 Sparten:
378 2105 469 2176 Sparte
478 2123 586 2176 quoque
595 2105 682 2159 nescia
693 2105 770 2159 veris
832 2117 857 2158 55

95 2181 169 2246 Quas
178 2180 282 2234 habitas
292 2189 383 2245 terras
395 2188 441 2234 aut
449 2181 496 2234 ubi
507 2178 593 2234 lentus
604 2179 684 2235 abes?

58 2255 157 2311 Utilius
167 2262 266 2310 starent
277 2255 356 2309 etiam
367 2273 438 2310 nunc
448 2256 551 2310 moenia
564 2255 672 2310 Phoebi.

95 2331 197 2386 [rasum
206 2330 275 2385 votis
284 2329 337 2384 heu
347 2329 413 2385 levis
425 2331 481 2400 ipsa
491 2331 571 2383 meis!

59 2404 169 2470 Scirem,
181 2405 228 2460 ubi
238 2422 372 2477 pugnares
381 2424 387 2471 ς
409 2415 434 2459 et
442 2412 545 2459 tantum
554 2405 623 2459 bella
633 2403 751 2457 timerem
761 2422 766 2463 ;

96 2489 121 2535 et
130 2497 189 2535 mea
202 2497 264 2535 cum
275 2479 367 2536 multis
377 2481 468 2538 iuncta
476 2479 675 2557 querelaluret.
837 2489 873 2528 'u

56 2555 253 2626 Offlfflffflffllffl,
268 2559 380 2638 ignoro:
402 2562 489 2624 timeo
499 2556 705 2621 taurenumiiia
711 2555 852 2614 nensis„

80 2636 579 2708 etpatetiueurasarealatamees.
763 2712 820 2769 m
