1868 2962
134 201 181 253 190
320 203 350 249 P.
371 204 497 250 0v1D11
515 204 684 250 NASONIS

168 321 249 359 exue:
271 320 319 360 neo
329 304 410 379 rigidi
420 305 478 361 iura
489 313 561 360 tuere
570 305 632 361 viri

77 381 163 436 Et
172 379 240 445 cole
262 397 331 468 quos
341 380 441 436 dederit
457 379 566 454 (multos
576 379 670 454 dabit)
689 397 760 436 uxor
770 380 839 434 amic

168 456 289 511 Gratia
268 473 307 510 555
318 456 431 510 minimo
440 473 538 530 magna
551 455 639 511 labore
648 456 734 510 venit.

131 531 174 586 Sic
183 531 281 602 poteris
294 531 424 586 iuvenum
433 532 556 587 nonvivia
568 548 672 602 semper
681 529 766 586 inire:

167 614 202 668 et.
222 605 467 678 quaanontuleris,
487 606 572 662 multa
581 604 768 663 videredomi

340 780 579 838 ELEGlA
627 781 668 836 V.

171 900 260 950 (Absque
263 899 430 984 ἅαὸίααέηνιας
451 899 502 936 olim
481 898 537 936 min
543 896 627 982 55553555
629 898 839 946 nr'tsposeNueemle

133 903 312 1043 huept
303 954 321 983 55
377 947 448 983 Μα55”α
623 946 783 982 5555555855555

130 1050 195 1116 Nox
206 996 275 1128 5555);
296 1066 321 1114 et
331 1077 444 1115 somnus
454 1058 538 1114 lassos
547 1057 675 1112 submisit
686 1057 795 1114 ooellos.

168 1137 329 1190 Terruerunt
339 1135 460 1190 animum
471 1132 568 1188 talia
542 1151 599 1188 msa
609 1150 711 1187 meum.

130 1210 202 1268 Colle
212 1211 263 1266 sub
273 1213 362 1283 aprico
374 1209 562 1264 oeleberrimus
572 1207 632 1262 ilios
642 1205 721 1262 lucus

167 1286 265 1354 stabat3
286 1286 349 1339 etin
360 1285 442 1340 ramis
451 1283 535 1338 multa
545 1283 640 1339 latebat
649 1283 718 1338 avis

76 1377 86 1416 5
129 1362 196 1417 Area
204 1376 341 1434 gramineo
351 1360 459 1415 suberat
467 1358 630 1413 vrrrdrssrma
640 1366 726 1430 prato

166 1435 249 1492 uvida
261 1435 293 1490 de
302 1435 386 1511 guttis
396 1434 454 1489 lene
464 1435 584 1489 sonantis
597 1451 691 1506 aquae.

130 1515 159 1584 lp
161 1531 211 1567 se
198 1512 251 1567 sub
263 1512 379 1568 arboreis
389 1511 507 1566 vitabam
519 1508 659 1565 frondibus
670 1517 790 1580 aestum;

143 1532 260 1643 pfronde
269 1588 321 1642 sub
331 1588 437 1642 arborea
447 1586 494 1642 sed
504 1593 592 1640 tamen
602 1592 691 1639 aestus
704 1592 771 1640 erat.

129 1665 197 1718 Ε555
205 1672 297 1734 petens
309 1663 391 1716 variis
402 1662 534 1716 immistas
545 1660 655 1716 floribus
665 1661 774 1727 herbas,

78 1752 100 1792 10
168 1745 243 1793 const
232 1737 285 1790 titit
295 1744 355 1790 ante
367 1735 457 1791 oculos
468 1735 580 1791 candida
589 1752 668 1790 vacca
678 1752 764 1801 meos,

129 1811 266 1867 candidior
275 1811 395 1879 nivibus,
416 1819 480 1866 tuno
493 1828 580 1884 quum
590 1810 704 1866 cecidere
718 1819 837 1868 recentes

166 1888 195 1941 in
205 1885 321 1959 liquidas
332 1888 452 1943 nondum
462 1905 531 1960 quas
541 1904 614 1942 mora
623 1886 702 1941 vertit
711 1903 812 1958 aquas:

129 1960 279 2028 candidior,
299 1963 372 2036 quod
382 1964 469 2018 adhuc
478 1980 583 2034 spumis
593 1959 770 2016 stridentibus
780 1963 839 2018 albe

167 2046 193 2092 et
202 2038 280 2093 modo
290 2040 424 2105 srecatam
444 2038 519 2103 lacte,
539 2036 648 2110 reliqurt
656 2053 745 2093 ovem

77 2125 102 2166 55
131 2114 396 2169 Tauruseratoomes
409 2114 483 2180 huic,
503 2112 613 2168 feliciter
622 2111 667 2166 rlle
677 2113 809 2169 maritus,

167 2206 284 2262 cumque
293 2207 343 2244 sua
352 2196 468 2245 teneram
478 2188 591 2263 coniuge
600 2187 697 2260 pressit
705 2188 836 2246 humum.

130 2267 200 2320 Dum
210 2266 289 2330 iacet,
310 2272 335 2318 et
344 2263 413 2319 lente
423 2271 556 2320 revocatas
566 2263 685 2318 nominat
694 2263 804 2332 herbas¹

168 2349 247 2413 atque
256 2341 353 2395 iterum
362 2347 438 2412 pasto
446 2341 565 2412 pascitur
575 2346 635 2394 ante
644 2338 718 2393 cibo·

130 2417 206 2472 visus
217 2424 284 2482 erat,
306 2432 400 2470 somno
409 2415 480 2469 vires
493 2414 624 2470 adimente
633 2413 745 2481 ferendi,

63 2532 64 2536 ,
76 2502 102 2545 55
167 2493 335 2622 cornigerum
346 2499 428 2546 terrae
437 2489 593 2563 deposuisse
601 2496 690 2562 caput.

124 2567 187 2623 Huc
194 2566 302 2625 levibus
312 2566 512 2643 pennisoornix
521 2565 628 2638 delapsa
638 2582 685 2637 per
694 2582 774 2620 auras

157 2646 249 2717 venit,
271 2647 340 2705 etin
353 2640 748 2732 5555355555555555555555,

101 2730 204 2803 ‘esque
213 2726 345 2791 bovis
315 2745 426 2788 mveae
429 2719 784 2803 petuiantineetnrarostro
