1868 2962
256 145 465 191 HEROIDES.
493 146 547 192 ΕΡ.
563 148 605 192 ΙΠ.
774 142 800 194 Η

58 247 119 317 lpse
133 244 319 312 Menoetiades,
330 253 404 309 tunc,
416 262 502 317 quum
515 246 644 311 tradebar,
657 247 797 313 inaurem,

96 318 170 386 Quid
180 317 245 376 ssesi
262 319 306 374 hic
316 336 398 391 parvo
407 327 533 391 tempore,
543 320 619 388 dixit,
632 321 694 376 eris.

57 397 115 450 Nec
124 395 251 467 repetisse
259 412 357 467 parum
365 402 418 450 est:
429 412 584 468 pugnas‚ne
593 395 696 461 reddar,
704 397 814 452 Achille.
834 409 859 452 25

97 471 109 525 Ι
120 487 202 536 nune,
217 478 243 525 et
251 470 342 542 cupidi
353 488 449 527 nomen
457 469 571 525 amantis
580 470 656 525 habe.

57 548 198 602 Venerunt
207 545 241 600 ad
252 553 276 600 te
284 545 424 601 Telamone
433 555 459 600 et
466 545 612 620 Amyntore
622 547 685 609 nati,

100 618 147 675 ille
155 619 242 695 gradu
250 621 359 694 propior
366 621 517 696 sanguinis,
528 619 574 674 ilie
583 636 684 676 eomes:

60 698 209 768 Laertaque
220 704 308 765 satus3
328 713 378 768 per
386 713 455 770 quos
463 697 585 752 eomitata
595 695 717 749 redirem.

99 773 241 827 Auxerunt
250 770 364 827 blandae
372 771 484 846 grandia
493 770 563 827 dona
575 786 678 842 preces:
834 783 859 825 ao

58 846 159 921 viginti
170 844 259 902 fulvos
268 863 378 918 operoso
386 863 420 901 ex
430 863 488 900 aare
498 845 605 911 lebetas,

97 930 124 976 et
133 920 250 993 tripodas
259 929 369 994 septem,
380 921 495 994 pondere
507 929 533 975 et
542 929 596 975 arte
608 938 695 991 pares.

59 997 157 1052 Addita
168 1003 233 1051 sunt
244 995 298 1050 illis
311 997 369 1050 auri
378 997 421 1052 bis
433 996 555 1067 quinqua
565 994 674 1050 talenta:
778 1044 788 1063 ,

98 1071 141 1126 bis
152 1089 210 1138 sex,
224 1072 322 1126 assueti
330 1072 436 1126 vinoere
445 1087 558 1142 semper,
569 1071 645 1142 equi:

60 1146 189 1220 quodque
198 1162 404 1217 supervacuum,
416 1145 500 1201 iorma
509 1153 656 1216 praestante
664 1145 768 1217 puellae
835 1158 860 1202 35

100 1221 237 1286 Lesbides,
248 1237 339 1278 eversa
348 1238 456 1293 corpora
465 1228 541 1292 capta
550 1220 643 1276 domo:

61 1313 180 1369 cumque
201 1302 239 1353 tot
258 1295 317 1363 his,
337 1296 458 1370 (sednon
471 1313 540 1368 opus
553 1296 654 1351 esttibi
674 1296 806 1369 coniuge)

579 1388 677 1427 oonrux

99 1465 133 1502 ex
143 1446 361 1521 Agamemnoniis
370 1464 425 1503 una
433 1446 522 1518 puella
531 1446 627 1503 trihus.

61 1523 90 1579 Si
100 1522 149 1578 tibi
160 1522 194 1577 ab
203 1522 294 1578 Atrida
303 1522 387 1593 pretio
397 1521 549 1576 redimenda
559 1521 680 1587 fuissem,

101 1615 171 1670 quae
180 1597 243 1653 dare
251 1597 391 1663 debueras,
402 1597 519 1668 accipere
529 1595 575 1650 illa
586 1596 685 1670 negas‘?
835 1605 860 1651 to

61 1673 123 1742 Qua
132 1673 218 1729 merui
227 1671 306 1744 culpa
316 1658 373 1727 sieri
382 1672 430 1728 tibi
440 1671 513 1737 vilis,
524 1670 644 1727 Achille?

100 1747 160 1816 Quo
170 1747 348 1804 lavisanobis
358 1756 412 1803 tam
421 1749 473 1803 cito
483 1747 552 1821 fugit
560 1746 653 1802 amori
719 1785 722 1793 .

63 1824 105 1880 An
116 1824 227 1879 miseros
236 1823 318 1878 tristis
327 1824 444 1879 Fortuna
453 1824 577 1879 tenaciter
586 1821 679 1896 urget?

102 1916 151 1954 nec
160 1900 234 1954 venit
246 1898 357 1971 inceptis
367 1897 472 1955 mollior
481 1915 544 1953 aura
555 1899 640 1953 meis‘?

63 1975 156 2030 Diruta
166 1975 248 2030 Marte
258 1982 303 2030 tuo
311 1974 441 2048 Lyrnesia
455 1974 559 2029 moenia
568 1973 637 2029 vidi:
835 1979 861 2027 ie

102 2058 127 2105 et
136 2048 237 2105 fueram
246 2049 346 2121 patriae
354 2067 416 2122 pars
426 2067 475 2123 ego
487 2067 584 2124 magna
598 2066 680 2104 meae.

63 2124 126 2182 Vidi
135 2132 267 2182 oonsortes
276 2126 373 2197 pariter
382 2125 540 2200 generisque
550 2125 675 2197 necisque

101 2209 155 2256 tres
164 2200 303 2256 oecidisse:
323 2201 419 2265 tribus,
431 2200 586 2272 quaemihi,
599 2207 681 2255 mater
689 2205 753 2253 erat.

64 2276 137 2342 Vidi,
150 2284 267 2349 quantus
278 2283 341 2341 erat,
353 2274 445 2331 iusum
457 2275 552 2331 tellure
560 2283 678 2338 eruenta,

102 2359 206 2424 pectora
216 2352 356 2406 iactantem
365 2349 579 2424 sanguinolenta,
590 2351 690 2405 virum.
836 2357 861 2400 5⁰

64 2428 211 2490 Tottamen
220 2425 327 2481 amissis
336 2434 361 2481 te
371 2427 604 2497 oompensavimus
614 2440 713 2479 unum:

102 2509 132 2557 tu
142 2501 277 2566 dominus,
291 2509 321 2557 tu
330 2501 382 2567 vir,
396 2509 426 2557 tu
435 2501 503 2556 mihi
512 2500 591 2556 frater
600 2515 668 2555 eras.

65 2580 106 2634 Tu
116 2577 191 2644 mihi,
202 2578 306 2633 iuratus
315 2593 364 2652 per
374 2577 491 2636 numina
498 2575 595 2634 matris
600 2589 735 2650 aquosam

95 2651 160 2707 utile
167 2652 276 2712 dicebas
288 2655 350 2733 ipse
359 2655 450 2719 ruisse
460 2657 543 2736 sapi:
