1868 2962
127 152 160 203 'll
187 205 189 209 ,
325 157 355 201 Ρ.
377 156 503 202 OVIDII
522 157 687 203 NASONIS

74 269 99 311 cu
164 264 189 311 et
199 263 287 311 manet
297 257 325 312 in
334 273 416 311 cursu
426 273 531 328 semper
540 256 631 310 acerba
642 253 710 312 suo‘l

127 331 178 386 Sex
192 331 259 386 mihi
271 330 369 386 natales
379 330 471 396 ierant,
483 349 569 404 quum
581 329 644 386 lecta
654 330 773 403 parentis

165 413 224 461 ante
233 406 304 461 diem
314 405 435 462 lacrimas
444 424 504 462 ossa
515 407 606 462 bibere
614 422 698 462 meas.

128 481 199 535 Arsit
209 482 285 554 inops
296 480 383 549 irater,
394 489 487 555 captus
497 469 641 536 meretricis
651 498 756 550 amore3
789 502 792 507 ·

165 557 298 629 mistaque
307 575 369 613 cum
378 557 450 630 turpi
460 559 557 613 damna
566 556 667 630 pudone
676 556 748 611 tulit.

75 647 99 688 te
128 634 225 687 Factus
235 633 313 704 inops
323 631 386 761 apili
396 634 499 707 peragit
508 631 573 688 freta
582 631 687 688 caerula
697 649 785 701 rem03

166 726 288 781 quasque
297 725 341 763 ma
350 708 474 774 eamisit‚
486 725 558 763 nunc
568 707 637 763 male
647 707 752 780 quaerit
761 723 836 779 opes.

130 786 171 840 Me
180 801 297 857 quoque,
308 783 382 855 quod
392 783 485 838 monui
494 783 562 839 bene
572 782 656 838 multa
666 782 787 848 fideliter,
799 781 862 838 odit.

164 861 218 915 Hoc
228 859 295 913 mihi
306 858 422 924 libertas,
433 857 483 914 hoc
492 860 535 930 pia
544 857 636 932 lingua
646 857 727 913 dedit.

128 937 161 990 Et
170 943 307 1006 tamquam
317 932 413 1000 desint,
425 951 494 1005 quae
503 951 546 988 me
555 934 614 988 sine
625 933 678 988 iine
688 932 811 1007 fatigent,
849 975 853 980 .

75 1024 100 1064 nt
167 1008 316 1065 accumulat
325 1026 403 1064 curm
414 1008 468 1064 filia
478 1025 559 1080 parva
568 1026 651 1063 meas.

129 1083 226 1140 Ultima
236 1092 264 1140 tu
275 1086 373 1140 nostris
382 1083 484 1139 accedis
493 1101 586 1139 caussa
596 1082 719 1155 querelis.

25 1208 34 1236 ,Ι
166 1161 225 1216 Non
235 1160 323 1236 agitur
332 1167 411 1217 vento
421 1168 509 1215 nostra
519 1158 608 1213 carina
619 1176 679 1215 suo.

129 1236 204 1302 Ecce,
217 1236 302 1291 iacent
311 1234 379 1291 collo
387 1236 474 1307 sparsi
486 1234 544 1289 sine
555 1234 612 1308 lege
620 1232 725 1305 capilli:
817 1233 820 1239 '

167 1329 215 1366 nec
225 1312 323 1383 premit
332 1309 456 1365 articulos
468 1308 555 1364 lucida
564 1326 670 1384 gemma
683 1326 767 1363 meos.

76 1399 101 1441 75
132 1388 207 1443 Veste
215 1385 359 1461 tegorvili:
381 1384 487 1440 nullum
498 1391 537 1439 est
547 1384 576 1439 iu
586 1384 706 1441 crinibus
716 1401 829 1457 aurum:

167 1461 484 1519 nonArabonosterrnre
493 1459 677 1532 capillusclet.

132 1537 181 1593 Cui
192 1538 263 1594 colar
272 1537 375 1604 infelix,
386 1545 433 1593 aut
441 1538 485 1593 cui
495 1535 629 1609 placuisse
637 1534 773 1592 laborem?

168 1613 215 1668 Ille
224 1614 276 1669 mei
287 1613 376 1670 cultus
385 1613 483 1668 unicus
494 1621 584 1668 auctor
595 1611 678 1667 abest.

131 1687 209 1745 Molle
219 1707 308 1744 meum
319 1688 423 1743 levibus
433 1705 478 1744 cor
490 1696 530 1742 est
540 1685 665 1744 violabile
674 1684 747 1741 telis:

77 1777 102 1818 su
168 1772 193 1818 et
203 1780 306 1835 semper
316 1781 410 1818 caussa
420 1769 468 1829 est·
480 1781 528 1818 cur
537 1781 585 1837 ego
594 1779 700 1834 semper
710 1777 807 1816 amem.

130 1838 192 1893 Sive
202 1839 237 1893 ita
247 1839 363 1894 nascenti
375 1838 459 1913 legem
470 1838 560 1892 dixere
568 1837 689 1906 Sorores;

168 1931 216 1969 nec
225 1913 284 1969 data
294 1925 358 1969 sunt
366 1915 435 1971 vitae
447 1914 492 1969 fila
501 1931 592 1970 severa
601 1930 690 1969 meae:

131 1991 188 2045 sive
199 1990 298 2045 abeunt
307 1990 394 2047 studia
405 1990 433 2045 in
444 2007 540 2057 mores,
553 1986 671 2058 artisque
681 1986 807 2063 magistra

168 2065 307 2140 ingenium
318 2066 395 2121 nobis
405 2065 484 2121 molle
494 2065 587 2119 Thalia
597 2063 669 2120 iacit.

77 2155 102 2194 85
130 2141 202 2208 Quid
213 2140 323 2206 mirum,
335 2141 358 2194 si
369 2158 411 2195 me
420 2141 522 2212 primae
535 2139 671 2214 lanuginis
682 2145 752 2192 aetas

82 2285 83 2290 ἵ
168 2215 286 2282 abstulit,
299 2223 379 2287 atque
388 2217 461 2283 anni,
473 2234 541 2288 quos
552 2215 594 2270 vir
603 2231 691 2270 amere
701 2211 803 2284 potest‘l

131 2293 209 2347 Hunc
219 2311 252 2348 ne
260 2309 309 2364 pro
319 2290 434 2364 Cephalo
447 2309 562 2363 raperes,
575 2290 686 2355 Aurora,
700 2289 839 2344 timebam.

168 2368 202 2422 Et
211 2367 321 2424 iaceres:
342 2367 389 2423 sed
399 2367 519 2439 teprima
529 2367 621 2438 rapina
634 2372 713 2421 tenet.

132 2445 209 2499 Hunc
218 2445 241 2499 si
253 2443 407 2517 conspiciat,
418 2460 487 2515 quae
496 2442 626 2514 conspicit
635 2440 734 2505 omnia,
744 2439 866 2517 Phoebe:

31 2568 32 2573 ,
78 2531 103 2573 90
169 2520 259 2575 iussus
268 2521 318 2576 erit
330 2537 438 2576 somnos
448 2518 602 2573 continuare
611 2517 712 2572 Phaon.
803 2531 806 2535 ·

132 2597 210 2650 Hunc
219 2596 311 2651 Venus
324 2595 353 2651 in
364 2595 467 2652 coelum
477 2611 559 2648 curru
572 2592 686 2649 vexisset
695 2589 812 2660 ebumo;

154 2671 209 2725 sed
217 2672 292 2730 videt
299 2681 326 2731 et
334 2672 415 2731 Marti
425 2689 508 2749 posse
517 2668 624 2746 placete
632 2684 695 2724 suo.
