1868 2962
131 134 146 186 l
321 136 349 183 P.
371 134 498 182 ovum
516 135 683 182 NASONIS

130 239 311 309 Quaecunque
324 249 424 308 aequor
442 235 536 302 habet,
560 253 739 365 quaecplnque
760 238 877 310 pericula

621 318 646 367 te
667 329 710 378 us,

168 395 221 442 tem
232 385 327 460 longae
335 402 443 440 caussas
454 385 576 456 suspicor
585 403 643 441 esse
654 404 754 443 morae.

75 479 100 520 75
129 465 197 518 llaec
206 479 254 536 ego
264 461 329 516 dum
340 460 421 516 stulte
429 460 550 526 meditor,
561 478 631 534 quae
639 469 726 517 vestra
737 462 876 532 libidoest,

136 605 139 611 ἱ
166 555 224 592 esse
232 537 373 611 peregrino
385 542 478 608 captus
487 553 577 591 amore
585 544 669 609 potes.

129 613 251 670 Forsitan
263 619 290 669 et
299 629 401 678 narras,
412 627 496 684 quam
506 610 541 666 eit
550 612 599 667 tibi
609 613 708 668 rustica
720 614 830 682 coniux,

166 705 236 762 quae
248 695 352 744 tantum
361 685 436 742 lanas
446 704 500 742 uon
510 687 581 743 sinat
590 704 648 743 esse
657 688 748 744 rudes.

130 765 227 831 Fallar,
238 763 322 820 ethoc
330 763 433 818 crimen
444 772 536 818 tenues
545 770 670 820 vanescat
678 765 708 819 in
718 782 814 821 auras:
845 795 850 803 ·

75 855 100 897 su
167 857 244 906 neve,
258 837 407 895 revertendi
417 837 494 904 liber,
506 838 599 894 abesse
608 838 690 895 velis:

129 935 172 973 me
181 923 254 988 pater
264 915 364 970 Icarius
374 914 456 972 viduo
467 913 602 970 discedere
615 913 680 971 lecto

165 991 245 1066 cogit,
256 997 282 1045 et
290 990 437 1046 immensas
446 990 660 1064 increpatusque
669 1008 768 1047 moras.

129 1071 247 1138 Increpet
256 1081 343 1139 usque
353 1064 426 1122 licet:
447 1072 493 1120 tua
503 1083 575 1131 snm,
586 1073 631 1121 tua
641 1065 839 1139 diceroportet:

165 1141 296 1214 Penelope
304 1142 404 1198 coniux
413 1159 518 1214 semper
527 1141 615 1196 Ulixis
623 1159 678 1196 ero.

75 1233 100 1276 85
128 1218 175 1274 llle
187 1225 275 1273 tamen
287 1216 383 1289 pietate
391 1234 449 1272 mea
457 1217 636 1290 precibusque
644 1216 750 1289 pudicis

165 1293 307 1368 frangitur,
318 1299 344 1347 et
353 1291 424 1348 vires
433 1299 561 1364 temperat
569 1294 628 1364 ipse
636 1309 710 1347 suus.

128 1369 255 1435 Dulichii,
266 1367 413 1440 Samiique,
424 1373 450 1422 et
459 1384 527 1440 quos
537 1368 598 1423 tulit
607 1366 659 1423 alta
669 1367 827 1441 Zacynthos,

166 1445 244 1501 turba
253 1449 337 1498 ruunt
346 1443 374 1498 in
384 1459 429 1498 me
439 1441 586 1508 luxuriosa,
596 1443 684 1516 proci:

129 1522 212 1594 inque
221 1527 267 1576 tua
276 1525 398 1594 regnant,
409 1518 493 1574 nullis
502 1518 716 1590 prohibentibus,
728 1517 799 1573 aula.

75 1610 100 1652 tu
164 1597 271 1653 Viscera
281 1602 379 1662 nostra,
390 1600 452 1648 tuae
465 1594 629 1648 dilaniantur
637 1611 711 1665 opes.

129 1672 199 1738 Quid
219 1671 267 1726 tibi
286 1669 460 1735 Pisandrum,
484 1668 680 1798 Polybumque,
700 1669 877 1742 Medontaque

641 1761 712 1798 trum
814 1763 817 1771 '

166 1819 384 1895 Eurymachique
394 1818 486 1874 avidas
495 1817 659 1891 Antinoique
667 1837 774 1884 manus,

129 1905 208 1970 utque
217 1895 283 1951 alios
292 1893 412 1960 referam,
423 1912 491 1966 quos
501 1912 594 1951 omnes
607 1894 718 1966 turpiter
728 1896 825 1951 absens

166 1974 223 2044 ipse
232 1978 278 2025 tuo
287 1971 370 2042 partis
382 1970 514 2045 sanguine
526 1971 606 2026 rebus
615 1968 685 2024 alis‘l

76 2062 100 2103 93
130 2050 187 2102 lrus
198 2063 288 2120 egens,
302 2047 459 2118 pecorisque
469 2046 631 2101 Melanthius
641 2052 712 2100 actor
722 2043 827 2113 edend,

167 2122 280 2177 ultimus
289 2122 417 2177 accedunt
429 2122 457 2177 in
467 2129 513 2176 tun
522 2121 620 2176 damna
630 2121 725 2193 pudor.

130 2199 193 2252 Tres
204 2214 299 2251 sumus
309 2197 429 2251 imbelles
440 2215 565 2265 numero;
588 2197 645 2251 sine
655 2196 759 2252 viribus
768 2213 846 2262 uxor,

167 2275 326 2344 Lne'rtesque
339 2289 429 2336 senex,
441 2271 668 2344 Telemachusque
676 2289 753 2344 puer.

130 2349 176 2403 llle
186 2366 232 2420 per
242 2347 352 2402 insidias
362 2365 446 2418 paene
455 2355 495 2402 est
504 2347 571 2401 mihi
583 2365 668 2419 nuper
676 2347 808 2414 ademtus,

76 2437 115 2478 lou
167 2424 232 2478 dum
245 2431 320 2495 parat
330 2423 421 2477 invitis
430 2423 557 2478 omnibus
567 2422 606 2477 ire
614 2422 708 2498 Pylon.

130 2501 161 2552 Di
173 2517 264 2570 precor
272 2499 323 2557 hoc
332 2499 449 2563 iubeant,
460 2505 499 2562 ut,
511 2499 637 2554 euntibus
647 2498 739 2554 ordine
748 2497 818 2564 latis,

169 2575 213 2629 ille
221 2592 295 2630 meos
304 2573 395 2631 oculos
403 2573 570 2645 comprimat,
582 2574 626 2629 ille
634 2583 703 2629 tuos.

130 2651 185 2705 Hoc
194 2649 294 2705 iaciunt
303 2658 446 2722 custosque
455 2649 538 2705 boum
548 2648 728 2724 longaevaque
738 2649 846 2719 nutrix,
