1868 2962
247 132 457 180 HEROIDES.
484 135 540 180 ΕΡ.
553 134 621 180 xv1.
773 129 805 182 87

60 232 223 292 eteomitum
231 233 801 311 primas,Clymenenriethramque‚tuarum

95 327 181 367 aueue
191 327 254 365 sum
262 308 368 366 blandis
379 327 464 382 nuper
472 309 544 365 adire
552 312 634 368 sonis.

12 456 16 461 Ι
61 385 132 452 Quae
142 385 213 441 mihi
224 404 277 442 non
287 384 370 451 eliud,
380 402 463 457 quam
473 384 623 453 formidare,
635 387 744 455 locutae,

9 472 18 521 t
94 461 198 518 orantis
208 461 308 517 medias
317 460 455 516 deseruere
463 477 565 533 preces.
819 480 857 522 aee

10 552 25 577 ³
60 536 226 602 macerent,
236 536 351 610 pretium
361 536 451 610 magni
461 536 614 592 certaminis
624 555 707 608 esee3

95 620 177 684 teque
186 630 237 668 suo
245 619 334 685 posset
343 611 426 669 vietor
436 611 533 667 habere
541 620 607 667 toro.

60 688 91 744 Ut
100 686 164 743 tulit
173 687 351 760 Hippomenes
361 686 533 753 Schoeneida,
543 688 661 760 praemia
670 705 775 758 cursus,

95 762 172 818 venit
181 762 248 818 utin
257 761 388 836 Phrygios
398 761 573 834 Hippodamia
582 762 675 832 sinus;

60 846 88 892 ut
98 837 172 892 ierus
182 836 287 894 Alcides
296 836 420 892 Acheloia
428 855 527 892 cornua
536 836 622 912 fregit,

95 913 162 968 dum
172 912 238 985 petit
246 910 396 984 amplexus,
406 912 537 978 Deianira,
551 920 624 982 tuos,

60 997 148 1044 nostra
157 1005 206 1060 per
216 987 264 1043 has
274 987 344 1062 leges
353 986 463 1042 audacia
472 986 571 1044 fortiter
580 988 659 1043 isset:

96 1071 177 1136 teque
185 1061 238 1118 mei
247 1062 328 1118 eciree
337 1080 395 1118 esse
404 1062 502 1119 laboris
512 1081 590 1136 opus.

59 1140 138 1194 Nune
148 1138 217 1193 mihi
228 1137 267 1193 nil
276 1146 405 1211 superest,
417 1138 470 1193 nisi
480 1145 514 1204 te,
526 1137 650 1204 formosa,
661 1139 771 1211 precari,

95 1213 274 1285 amplectique
283 1220 352 1279 tuos,
363 1214 387 1268 si
396 1213 505 1286 patiare,
516 1213 606 1285 pedes.
818 1228 856 1269 πο

59 1287 183 1353 edecus,
194 1305 211 1344 0
220 1305 345 1360 praesens
351 1288 520 1362 geminorum
528 1288 612 1364 gloria
622 1287 749 1359 fratrum;

95 1365 183 1422 olove
191 1363 273 1438 digna
282 1363 349 1429 rriro,
361 1364 389 1418 ni
400 1365 460 1420 Iove
469 1372 530 1419 nata
539 1362 621 1420 iores:

58 1447 104 1496 aut
114 1456 164 1514 ego
173 1437 264 1513 Sigeos
274 1446 389 1511 repetam
398 1446 423 1495 te
434 1440 546 1513 eoniuge
557 1446 663 1511 portus:

95 1522 143 1570 aut
153 1531 202 1588 ego
212 1514 337 1570 Taenaria
347 1522 470 1588 contegar
480 1513 542 1569 exul
553 1514 645 1570 humo.

58 1592 118 1647 Non
129 1606 188 1645 mea
197 1596 261 1644 sunt
270 1606 377 1645 summa
386 1588 478 1644 leviter
486 1588 605 1645 districta
615 1589 710 1662 sagitta
817 1603 855 1645 275

93 1672 214 1738 pectora:
235 1664 371 1720 deseendit
379 1663 480 1721 vulnus
490 1664 524 1720 ad
532 1682 592 1720 ossa
605 1681 705 1719 meum.

57 1742 113 1796 Hoc
121 1739 190 1794 mihi
200 1738 272 1813 (nam
282 1739 387 1814 recole)
396 1740 450 1796 fore
460 1748 490 1796 ut
499 1759 514 1795 a
524 1739 634 1796 eoeleste
643 1740 738 1814 sagitta

96 1815 173 1890 figar,
181 1822 237 1871 erat
247 1833 327 1871 verax
339 1816 478 1872 vaticinata
488 1834 571 1872 seror.

57 1893 139 1946 Parce
148 1890 241 1946 datum
251 1889 321 1956 fatie,
333 1891 439 1958 Helene,
449 1899 616 1948 contemnere
625 1908 739 1948 amorem
751 1913 757 1923 ·

95 1966 136 2021 eie
147 1965 245 2021 habeas
255 1965 344 2022 faciles
354 1969 383 2022 in
392 1974 438 2022 tua
447 1974 508 2024 vota
518 1967 591 2022 deos.
817 1979 855 2022 tto

58 2040 141 2097 Multa
151 2040 261 2113 quidem
270 2041 399 2097 subeunt:
421 2041 564 2099 eedeoram
573 2049 604 2099 ut
613 2039 690 2114 plura
700 2042 789 2115 loqua-

591 2136 662 2184 mur,

95 2189 188 2262 excipe
199 2190 317 2248 melecta
326 2199 401 2248 noete
410 2191 503 2247 silente
513 2199 569 2248 tuo.

56 2264 99 2321 An
109 2265 201 2337 pudet,
212 2272 238 2320 et
247 2267 343 2321 metuis
354 2267 481 2322 Venerem
491 2275 616 2324 temerare
626 2266 768 2322 maritam‘?

95 2348 222 2413 castaque
231 2340 343 2416 legitimi
353 2340 442 2398 fallere
452 2341 509 2398 iura
520 2342 588 2399 terii

56 2414 227 2472 Ahnimium
237 2415 352 2488 simplex
361 2415 467 2484 Helene,
478 2435 512 2474 ne
520 2419 618 2474 rustica
627 2416 726 2472 dicam!
816 2430 854 2471 285

96 2491 166 2546 hane
177 2488 271 2547 faciem
279 2490 358 2565 eulpa
368 2510 446 2564 posse
455 2511 542 2549 carere
550 2489 647 2566 putas?

56 2565 112 2623 Aut
121 2564 216 2622 faeiem
224 2574 322 2634 mutes,
333 2575 379 2623 aut
388 2569 426 2623 eis
436 2587 489 2625 non
500 2567 576 2632 dura,
588 2584 694 2622 necesse
703 2573 751 2622 est.

94 2641 142 2698 Lis
151 2649 260 2698 esterna
268 2642 354 2701 torma
364 2662 465 2724 magne
474 2644 636 2722 pudicitiae.
