1868 2962
149 123 197 176 ⁴02
333 128 363 172 P.
385 127 512 172 OVIDII
530 126 697 174 NASONIS

147 228 256 300 Frigora
266 244 299 280 ne
308 227 410 298 possim
420 227 502 302 gelidi
512 227 610 282 sentire
619 226 758 299 profundi,

93 316 117 356 00
183 302 231 375 qui
241 301 307 356 calet
317 302 345 357 in
355 302 452 373 cupido
461 310 574 374 pectore,
585 309 700 375 praestat
710 320 796 358 amor.

147 376 206 443 Quo
216 377 302 450 magis
311 378 413 444 accedo,
425 379 602 450 propioraque
611 377 697 433 littora
710 377 791 444 fiunt,

185 470 293 524 quoque
302 453 395 508 minus
404 461 492 518 restat,
503 452 566 525 plus
577 452 641 507 libet
650 454 688 508 ire
697 451 777 508 milri.

147 528 238 593 Quum
249 545 311 583 vero
320 546 430 600 possum
440 528 513 583 cerni
523 545 641 600 quoque,
652 527 777 600 protinus
788 527 861 583 addis

185 603 327 675 spectatrix
338 607 452 675 animos,
464 611 494 658 ut
506 602 663 675 valeamque
673 602 749 658 lacis.
761 650 765 657 ,

94 689 119 731 05
147 679 226 733 Nunc
235 679 314 733 etiam
325 681 412 736 nando
422 679 544 734 dominae
556 678 689 750 placuisse
699 677 800 744 laboro,

115 812 119 818 ,
185 762 264 827 atque
273 753 357 810 oculis
368 754 434 810 iacto
447 753 553 809 brachia
564 761 653 809 nostra
663 753 728 808 tuis.

149 831 185 885 Te
195 838 240 885 tua
251 829 298 885 vix
306 829 429 901 prohibet
439 829 531 884 nutrix
541 828 699 883 descendere
709 829 739 883 in
748 828 843 883 altum.

171 965 175 973 ,
185 908 240 960 Hoc
250 922 359 978 quoque
368 905 440 959 enim
451 905 504 958 vidi
515 926 520 958 :
543 921 591 958 nee
600 904 668 959 mihi
678 903 761 959 verba
770 903 861 959 dabas.

149 982 203 1035 Nec
212 989 300 1034 tamen
311 979 403 1045 effecit,
415 979 540 1052 quamvis
551 979 680 1034 retinebat
689 985 808 1045 euntem,

95 1069 134 1112 100
187 1073 221 1110 ne
231 1055 303 1110 fieret
312 1055 399 1127 prima
408 1072 455 1128 pes
466 1063 529 1109 tuus
538 1055 609 1109 udus
618 1072 698 1127 aqua.

149 1130 258 1202 Excipis
268 1129 403 1203 amplexu,
416 1129 555 1202 feliciaque
564 1129 654 1184 oscula
664 1129 772 1202 iungis3

186 1205 286 1272 oscula,
298 1206 324 1261 di
336 1206 441 1280 magnii
463 1212 536 1260 trans
545 1223 617 1259 mare
626 1203 708 1278 digna
718 1204 787 1276 peti:

150 1282 236 1353 deque
247 1281 299 1336 tuis
310 1281 411 1336 demtos
423 1281 543 1335 humeris
554 1280 621 1335 mihi
631 1279 713 1334 tradis
725 1279 850 1344 amiotus,

93 1364 98 1375 '
188 1366 213 1412 00
222 1356 356 1411 madidam
368 1356 451 1411 siccas
461 1355 584 1428 aequoris
594 1355 679 1411 imbre
688 1358 803 1410 comam.

97 1444 135 1487 105
151 1433 257 1488 Caetera
268 1449 330 1498 nox,
341 1439 367 1487 et
376 1449 434 1498 uos,
446 1439 472 1486 et
480 1431 562 1486 turris
575 1431 680 1487 conscia
691 1429 775 1496 novit,

188 1508 313 1581 quodque
322 1507 390 1563 mihi
400 1514 529 1571 monstrat
538 1525 585 1580 per
595 1507 662 1561 vada
673 1505 764 1561 lumen
775 1506 834 1559 iter.

152 1586 211 1639 Nou
221 1584 307 1658 magis
317 1583 390 1639 illius
401 1583 535 1639 numerari
545 1581 642 1656 gaudia
653 1581 748 1646 noetis,

189 1659 391 1731 Hellespontiaci
401 1677 485 1731 quam
494 1660 577 1713 maris
587 1656 647 1731 alga
657 1664 753 1729 potest.

152 1735 210 1800 Quo
220 1735 328 1789 brevius
338 1734 455 1805 spatium
466 1734 544 1789 nobis
554 1733 587 1788 ad
598 1731 667 1787 furta
677 1732 800 1797 dabatur,

99 1823 137 1863 110
190 1810 240 1864 hoc
252 1810 339 1881 magis
349 1817 388 1862 est
397 1817 515 1874 cautum,
529 1826 562 1863 ne
573 1807 638 1863 foret
648 1807 715 1862 illud
728 1807 812 1862 iners.

152 1888 270 1955 lamque,
285 1882 408 1958 fugatura
418 1883 525 1939 Tithoni
535 1884 647 1957 coniuge
657 1889 769 1948 noctem,

190 1961 314 2032 praevius
324 1961 440 2015 Aurorae
450 1958 557 2014 Lucifer
569 1967 642 2014 ortus
652 1965 720 2012 erat:

153 2035 243 2091 oscula
253 2035 422 2108 congerimus
432 2043 569 2107 properata
580 2027 638 2088 sir're
647 2033 740 2088 ordine
753 2031 862 2105 raptim,

191 2118 216 2164 et
224 2111 364 2182 querimur
373 2127 468 2181 parvas
479 2110 601 2166 noctibus
611 2126 668 2164 esse
678 2125 777 2163 moras

100 2199 138 2240 115
154 2188 241 2257 Atque
250 2186 286 2240 ita
296 2193 445 2251 cunctatus,
457 2185 561 2241 m'onitu
572 2183 684 2240 nutricis
695 2200 785 2239 amaro

191 2261 287 2336 frigida
300 2260 402 2316 deserta
414 2261 499 2316 littora
510 2270 581 2315 turre
590 2267 660 2332 peto.

154 2336 437 2412 Digredimurllentes:
452 2343 593 2409 repetoque
602 2353 651 2410 ego
660 2332 781 2407 Virginis
792 2349 898 2405 aequor,

192 2413 337 2484 respiciens
346 2411 493 2476 dominam,
505 2411 570 2465 dum
582 2410 650 2475 licet,
664 2426 753 2480 usque
763 2426 863 2464 meam.

155 2487 182 2541 Si
193 2506 246 2558 qua
256 2488 322 2542 fides
331 2505 393 2542 vero
403 2484 450 2552 est,
463 2486 572 2540 veniens
582 2487 636 2541 huc
646 2502 703 2539 esse
714 2490 826 2549 natator,

44 2565 46 2569 ’
102 2574 140 2617 110
193 2577 278 2634 quum
290 2562 375 2630 redeo,
388 2563 478 2616 videor
490 2559 635 2636 naufragus
645 2576 702 2614 esse
712 2559 791 2621 mihi.

149 2639 206 2692 HOC
213 2655 324 2714 quoque
333 2638 357 2695 si
368 2637 470 2709 credis;
492 2633 833 2708 adteuiapronauidetur·
