1868 2962
104 139 310 186 HEROIDES.
339 141 396 186 ΕΡ.
411 141 479 188 x1x.
609 137 658 187 llll

46 257 155 311 queror,
170 239 294 296 lacrimae
302 258 350 313 per
359 242 473 298 amantia
487 241 589 298 lumina
602 262 659 298 ma-

448 324 522 385 nant,
688 329 713 372 2⁵

36 405 123 463 equas
132 390 246 448 tremulo
254 391 360 448 conscia
369 391 449 446 siccat
461 410 538 448 anus.

36 464 60 531 i,
80 474 182 538 specto,
203 467 226 521 si
237 467 291 522 sint
301 467 329 522 in
343 465 428 523 littore
437 485 547 539 passus:

36 540 89 596 itas
99 548 227 614 tanquam
237 550 324 598 servet
333 560 412 597 arena
422 551 505 600 notas.

36 616 193 690 camdem,
214 625 240 672 et
248 617 364 672 scribam
374 617 438 683 tibi,
459 618 482 672 si
492 619 555 690 quis
563 617 658 693 Abydo

36 691 66 757 it,
86 699 255 765 culquam,
275 694 298 747 si
309 693 371 765 quis
381 692 495 767 Abydon
505 701 555 748 eat.
688 706 713 748 au

36 768 225 839 eram‚quoties
237 767 298 822 dem
311 768 431 823 vestibus
440 768 541 834 oscula,
549 786 618 840 quas
630 777 658 823 tu

36 842 160 913 pontiana
170 844 248 914 ponis
259 843 346 897 iturus
355 842 444 914 aqua‘l
705 850 708 856 '

38 935 76 972 ux
87 925 143 972 acta
155 925 208 982 est,
228 926 254 972 et
263 918 348 973 noctis
357 919 465 974 amicior
474 919 539 974 hora

36 993 75 1046 uit
83 991 162 1064 pulso
172 992 257 1048 sidera
267 993 338 1048 clara
347 993 403 1060 die;

46 1067 75 1122 in
85 1085 191 1123 summa
202 1067 340 1142 vigilantia
353 1068 455 1123 lumina
466 1076 537 1124 turre
689 1079 714 1124 ³5

37 1160 92 1209 lue,
106 1151 225 1198 assuetae
235 1144 312 1217 signa
324 1152 467 1216 notamque
476 1143 547 1199 viae:

46 1226 150 1274 versato
159 1218 285 1274 ducentes
295 1220 409 1274 stamina
418 1217 478 1274 fuso

37 1310 66 1348 ea
75 1293 163 1349 tardas
173 1292 292 1349 fallimus
302 1302 357 1350 arte
366 1312 463 1350 moras.

37 1369 198 1440 [uarinterea
207 1377 262 1424 tam
275 1369 353 1444 longo
363 1377 493 1442 tempore,
515 1367 640 1441 quaeris?

37 1444 86 1498 nisi
95 1444 208 1499 Leandri
218 1463 331 1510 nomen,
352 1445 380 1500 in
390 1463 434 1500 ore
444 1462 503 1500 meo
512 1453 560 1498 est.
689 1450 714 1497 tu

37 1527 92 1574 utas
104 1520 191 1574 exisse
200 1519 279 1575 domo
291 1537 348 1574 mea
357 1519 464 1593 gaudia,
476 1517 584 1573 nutrix?

37 1592 231 1668 plantomnee,
252 1603 278 1649 et
287 1595 362 1649 timet
371 1593 415 1648 ille
423 1591 505 1649 suos‘l

37 1687 78 1724 ras
87 1668 208 1725 humeris
217 1668 295 1725 illum
305 1670 435 1741 deponere
445 1676 545 1740 vestem

37 1762 54 1798 e
63 1745 117 1800 iam
126 1745 221 1820 pingui
230 1744 336 1800 Pallade
344 1745 463 1800 membra
475 1742 572 1816 putas‘l

39 1819 73 1874 lla
82 1819 150 1876 lere:
172 1839 225 1876 non
236 1820 407 1893 nostraquod
417 1819 507 1876 oscula
518 1827 605 1885 ouret3
688 1824 713 1872 tc

38 1903 97 1950 ovet
106 1895 235 1967 obrepens
245 1913 357 1952 somnus
370 1895 440 1951 anile
448 1902 536 1966 caput.

43 1987 132 2026 morae
141 1972 302 2038 minimum,
323 1971 378 2025 lam
393 1977 462 2026 certe
475 1969 596 2044 navigat,
618 1968 660 2023 in-

448 2062 541 2119 ‘luam’

37 2137 76 2192 [ue
88 2119 195 2176 dimotis
208 2121 315 2177 brachia
325 2120 498 2194 iactataquis.
561 2184 566 2194 ι

37 2213 150 2268 equum
160 2200 225 2250 t'aota
236 2194 332 2268 perfeci
341 2196 455 2252 stamina
465 2196 524 2261 tela,

37 2270 198 2343 alicpossis,
218 2269 388 2344 quaerimus,
408 2289 466 2327 esse
478 2271 555 2326 freto.
688 2279 714 2322 50

46 2345 239 2476 prospicimus:
250 2345 343 2402 timida
353 2345 500 2404 modovoce
508 2359 658 2417 precamur,

38 2421 96 2477 ldet
115 2421 194 2478 aciles
204 2421 279 2477 utilis
288 2439 352 2476 aura
361 2421 429 2477 vias.

46 2496 180 2552 interdum
192 2514 267 2553 voees
277 2505 430 2568 captamus,
451 2503 477 2550 et
486 2511 592 2549 omnem

38 2578 84 2626 tus
93 2572 233 2644 strepitum
243 2572 377 2626 credimus
387 2587 444 2625 esse
453 2569 504 2625 tui.

38 2645 218 2722 loefll’ltepm
227 2645 589 2708 cstmihimaximauoctm
709 2649 745 2689 us
