1868 2962
230 160 443 211 HEROIDES.
472 164 530 208 ΕΡ.
545 164 617 211 XXI.
752 158 802 212 ⁴27

88 263 125 319 Es
136 261 230 336 procul
242 281 257 318 a
268 264 361 319 nobis:
383 272 408 318 et
418 267 506 319 tamen
517 263 579 319 inde
589 282 677 322 nooes.

51 338 182 405 Mirabar,
204 356 287 411 quare
297 339 346 394 tibi
358 354 455 395 nomen
465 339 594 395 Acontius
603 350 681 397 esset.

88 413 168 482 Quod
179 412 257 469 iaciat
266 413 345 502 longe
353 415 470 482 vulnus,
491 432 604 470 acumen
615 410 707 473 babes.
818 430 839 473 22

51 490 127 545 Certe
137 506 188 564 ego
198 489 322 546 oonvaiur
334 490 454 546 nondum
465 491 498 546 de
507 489 620 546 vulnere
629 488 685 557 tali,

87 573 119 621 ut
129 563 232 631 iaculo,
253 565 360 639 scriptis
369 568 476 622 eminus
488 567 537 622 iota
548 567 613 621 tuis.

50 638 124 709 ¹Quid
133 648 224 696 tamen
233 639 288 696 buo
297 640 409 696 venias?
417 659 491 708 sane,
504 651 534 696 nt
543 640 696 697 miserabile
705 660 803 714 corpus

89 715 194 790 ingenii
204 714 295 771 videas
305 714 386 791 digna
396 725 500 789 tropaea
510 712 568 772 iui‘?

51 791 332 859 Concidimnsmaoie3
344 791 415 849 oo'Ior
424 793 528 848 estsine
537 794 682 867 sangnine,
695 793 802 866 qualem
819 806 857 848 215

89 867 119 922 in
130 883 211 939 pomo
220 866 304 924 r'eiero
319 875 407 937 mente
415 867 500 922 fuisse
510 876 570 924 tuo:

49 940 166 998 candida
176 960 225 999 neo
234 944 314 999 misto
323 943 467 999 sublucent
476 950 521 999 ora
531 943 637 1001 rubore.

90 1018 189 1074 Forma
200 1018 262 1074 novi
271 1019 333 1074 talis
343 1019 484 1074 marmoris
494 1037 552 1074 esse
561 1019 640 1075 solet:

50 1093 156 1168 argenti
166 1093 237 1150 color
245 1103 285 1149 est
295 1095 362 1150 inter
372 1095 495 1150 convivia
504 1095 574 1159 talis,

89 1168 165 1242 quod
174 1177 275 1225 tactum
284 1169 387 1245 gelidae
398 1169 495 1244 frigore
505 1170 585 1242 pallet
595 1187 690 1243 aquae.
819 1183 857 1225 22⁰

51 1245 80 1300 Si
91 1261 135 1300 me
146 1262 220 1300 nuno
229 1245 335 1310 videas,
357 1246 443 1301 visam
453 1247 529 1318 prius
539 1264 597 1302 esse
608 1246 731 1321 negabis:

88 1320 211 1378 Arteneo
219 1328 272 1388 est,
293 1320 379 1388 dices,
399 1322 449 1376 ista
458 1322 569 1394 petenda
579 1339 652 1377 mea:

50 1396 234 1470 promissique
244 1396 339 1463 iidem,
362 1397 455 1452 nesim
468 1397 631 1462 immunera,
652 1398 781 1466 remittes3

90 1481 117 1527 et
126 1472 220 1544 cupies
230 1471 298 1528 illud
310 1490 363 1528 non
375 1473 530 1527 meminisse
541 1472 627 1526 deam.
658 1479 661 1484 '

51 1549 176 1604 Forsitan
186 1556 213 1604 et
221 1546 315 1615 iacies,
336 1550 422 1603 iurem
435 1548 603 1604 utoontraria
615 1564 722 1616 rursus3
820 1558 858 1602 225

91 1641 217 1697 quaeque
227 1623 329 1698 legam,
350 1624 439 1679 mittes
449 1623 529 1679 altera
539 1623 619 1678 verba
631 1622 708 1677 mihi.

60 1699 104 1755 ied
115 1708 205 1756 tamen
215 1699 363 1772 adspiceres
374 1699 483 1766 veliem,
504 1708 584 1773 prout
594 1700 651 1771 ipse
661 1699 782 1773 rogabas,

91 1785 117 1830 ot
126 1776 215 1830 diseas
225 1793 339 1848 sponsae
349 1775 476 1851 languida
486 1776 607 1831 membra
618 1783 692 1830 tuae:

72 1852 151 1906 urius
160 1858 187 1906 ot
195 1849 264 1908 ferro
273 1869 359 1924 quum
369 1851 405 1906 sit
414 1852 462 1906 tibi
472 1860 579 1924 pectus,
600 1850 708 1919 Aconti3

93 1935 121 1983 tu
134 1926 241 1983 veniam
254 1928 352 1983 nostris
362 1927 474 1983 vocibus
486 1928 545 2000 ipse
557 1933 640 2000 petas.
821 1936 860 1979 23⁰

82 2010 193 2058 stamen
203 2002 323 2078 ignores:
345 2020 394 2075 ope
404 2020 458 2075 qua
468 2001 627 2058 revalescere
640 2002 751 2074 possim,

90 2078 375 2152 quaerituraDelphis
384 2078 436 2134 fata
446 2086 556 2134 canente
566 2079 623 2134 deo.

92 2171 213 2228 quoque,
236 2155 435 2227 nescioquam,
458 2172 531 2211 nuno
545 2162 575 2210 ut
593 2171 659 2228 vaga
672 2151 743 2208 fama
759 2169 806 2206 su-

594 2237 691 2293 snrrat,

102 2325 109 2361 r
146 2303 241 2361 lectam
251 2305 373 2378 queritur
381 2304 456 2360 testis
466 2304 564 2360 babere
573 2305 663 2362 fidem.

136 2389 318 2448 asservatos,
339 2381 390 2437 hoo
398 2388 423 2436 et
433 2398 491 2436 mea
501 2382 619 2436 carmina
630 2380 738 2434 dicunt:
821 2388 860 2431 235

112 2457 236 2514 ndesnnt
248 2465 308 2513 νοω
317 2456 436 2512 oarmina
447 2455 521 2512 nulia
534 2455 599 2512 tuo?

118 2533 190 2589 stibi
202 2532 275 2589 favor
285 2530 347 2588 hio?
357 2532 409 2587 nisi
415 2532 488 2605 quod
498 2550 566 2588 nova
575 2530 816 2602 fortereperkaesx,

123 2626 163 2664 rae
171 2608 258 2679 capiat
265 2626 378 2684 magnos
388 2607 464 2668 litera
476 2609 545 2668 lecta
556 2609 641 2669 deos:

131 2689 235 2736 2⁶0⁸oe
242 2682 319 2753 (1908,
342 2704 451 2749 numen
462 2709 573 2768 sequor
585 2689 652 2768 ipsa
663 2687 788 2747 osorem
798 2704 809 2736 ‘-
