1868 2962
69 140 74 147 ·
175 106 294 161 Au'rls
312 111 546 161 AMATORIAE
566 114 635 159 LIB.
655 112 687 160 11.
755 108 804 162 245

93 224 176 289 aurun
185 212 281 269 adimit
289 214 384 270 merito
393 221 500 286 tempus
510 215 537 269 in
548 232 626 270 omne
638 214 728 270 fidem.

53 292 141 364 Saepe
151 290 368 356 subruetumno,
389 306 476 363 quum
488 289 697 346 formosissimus
707 306 805 355 annus,
821 300 861 343 315

92 366 230 440 plenaque
238 383 375 438 purpureo
384 365 515 421 subrubet
524 383 578 420 uva
588 383 674 434 mer03

54 460 145 517 quum
158 440 238 498 modo
246 440 392 516 frigoribus
401 441 566 514 premimur,
587 440 667 496 modo
675 432 806 497 solvimur

595 524 683 585 aestu;

94 595 155 649 aire
164 609 219 648 uon
229 598 300 647 certo
308 608 418 664 uorpora
428 590 541 666 languor
550 591 640 648 habet.

56 667 106 725 Illa
114 667 227 742 quidem
236 666 336 723 valeat:
357 664 436 723 sedsi
446 667 516 723 male
525 667 603 722 firma
611 666 729 731 cubabit,

94 751 121 799 et
132 743 232 800 vitium
241 742 308 798 uoeli
320 743 432 798 senserit
441 760 519 817 aegra
530 743 589 798 sui:
823 753 862 797 320

57 828 123 875 tunc
131 836 208 875 umor
217 825 244 874 ot
252 818 336 891 pietas
345 825 391 874 tua
399 818 435 873 sit
446 818 585 874 manifesta
595 816 714 890 puellae:

94 902 240 961 tumuere,
260 911 329 967 quae
338 893 416 966 plena
429 893 568 966 postmodo
578 893 644 948 falce
654 900 748 948 metas.

57 972 113 1027 Nec
122 969 172 1025 tihi
181 969 279 1025 morosi
289 969 399 1025 veniunt
408 968 513 1025 fastidia
522 969 623 1038 morhi;

95 1061 199 1119 perque
207 1052 268 1100 tuas
277 1044 351 1109 fiant,
372 1061 442 1116 quae
451 1045 516 1100 sinit
526 1044 582 1110 illa,
603 1062 711 1099 manus.

58 1122 93 1177 Et
101 1120 192 1177 videat
200 1117 322 1188 flentem3
344 1137 392 1175 neo
401 1118 695 1176 taedeatosculaferre:
824 1115 887 1175 325'

95 1204 122 1252 et
130 1196 203 1252 sioeo
211 1194 334 1251 lacrimas
343 1195 478 1251 combibat
485 1213 531 1252 ore
539 1203 609 1251 tuas.

59 1271 144 1329 Multa
153 1288 236 1344 νοω
256 1270 408 1327 sedcuuota
417 1270 521 1343 palam:
542 1271 701 1345 quotiesque
710 1269 811 1335 libebit,

96 1364 169 1422 quae
177 1344 275 1402 referas
285 1345 341 1412 illi,
361 1347 466 1403 somnia
476 1346 543 1402 laeta
552 1347 624 1403 vide.

60 1421 208 1488 Etruria,
227 1439 298 1496 quae
306 1422 415 1487 lustret,
436 1440 520 1488 anus,
541 1421 694 1493 lectumque
706 1420 808 1477 locum-

620 1513 668 1551 ue:

96 1571 228 1647 praeferat
240 1580 265 1628 et
274 1571 388 1628 tremula
397 1570 513 1645 sulphur
525 1580 551 1627 et
563 1514 705 1627 ovimanu
826 1582 865 1625 33⁰

59 1649 196 1707 Omnibus
206 1649 250 1703 his
259 1648 368 1704 inerunt
377 1655 467 1723 gratae
474 1648 587 1722 vestigia
597 1665 689 1703 curae·

98 1725 128 1781 in
138 1723 270 1780 thalamos
280 1723 373 1779 multis
383 1725 448 1780 haec
458 1723 502 1781 via
512 1723 574 1779 fecit
583 1724 642 1779 iter.

59 1802 100 1856 Ne
108 1806 199 1855 tamen
209 1799 304 1855 officiis
314 1798 406 1855 odium
416 1807 560 1873 quaeratur
569 1800 603 1855 ab
613 1817 701 1874 aegra,

97 1875 135 1931 sit
143 1893 212 1931 suus
220 1875 250 1930 in
260 1873 359 1930 blanda
368 1874 509 1931 sedulitate
517 1873 624 1930 modus.

60 1949 341 2023 Neveciboprohibe,
362 1967 411 2006 nec
420 1949 504 2006 amari
513 1949 609 2023 pocula
620 1950 692 2006 succi
825 1958 864 2001 335

97 2026 219 2101 porrige:
241 2025 333 2081 rivulis
348 2027 458 2082 misueat
467 2025 512 2081 illa
522 2033 597 2082 tuus.

60 2101 188 2168 Sednon,
208 2102 253 2156 cui
263 2100 367 2157 dederis
381 2101 491 2157 alittore
504 2102 623 2168 carbasa,
642 2108 722 2157 vento

99 2177 243 2243 utendum,
264 2175 352 2233 medio
361 2195 449 2251 quum
458 2178 558 2250 potiere
567 2176 642 2232 freto.

60 2254 132 2308 Dum
142 2270 230 2309 novus
239 2258 309 2307 errat
318 2271 406 2319 amor,
427 2253 498 2308 vires
510 2252 563 2308 sibi
572 2252 674 2325 colligit
682 2267 750 2304 usu:

98 2327 348 2393 sibeneuutrieris‚
368 2336 486 2400 tempore
495 2329 591 2384 firmus
599 2327 658 2382 erit.
826 2330 865 2378 34⁰

60 2402 150 2471 Quem
159 2410 269 2459 taurum
280 2403 387 2468 metuis,
410 2403 524 2460 vitulum
538 2401 654 2458 muloere
663 2397 780 2454 solebas:

99 2479 153 2535 sub
164 2496 219 2550 qun
230 2496 303 2534 nuno
317 2478 427 2534 recubas
438 2480 540 2543 arbore,
561 2477 636 2548 virga
647 2472 707 2528 fuit.

60 2554 187 2610 Nascitur
197 2554 321 2626 exiguus,
343 2553 390 2609 sed
400 2572 464 2628 opus
475 2548 714 2629 acquirimur:

91 2644 201 2698 quaque
212 2629 296 2696 veuit,
319 2629 422 2689 multas
434 2632 541 2710 arripit
551 2629 767 2706 amniuuquu.
