1868 2962
141 214 190 266 334
384 215 464 261 Nux
485 213 639 259 ELEGIA.

177 316 292 382 emerui,
313 315 436 372 lacrimas
445 314 578 387 elic‘uique
588 312 647 368 deo.

139 395 173 448 Et
182 392 310 464 cuiquam
320 391 488 447 miserandus
499 387 562 445 ero‘l
580 389 636 442 lam
645 389 795 461 oomprime
804 388 879 444 lletus.

177 469 305 540 uorago,
326 467 373 539 qui
386 465 465 521 flendi
476 482 537 520 sum
550 463 598 518 tibi
609 480 720 530 caussa,
742 482 815 538 rogo.

140 544 210 598 Haeo
220 543 300 597 sentit
308 543 426 607 Drusus,
447 540 470 595 si
480 538 548 613 quid
558 538 637 594 modo
646 539 729 594 sentit
742 540 772 594 in
785 539 878 594 umbra.

86 624 125 671 llo
178 619 232 672 Nee
242 625 270 672 tu
280 616 313 672 de
323 624 394 672 tanto
404 616 481 671 crede
491 616 594 670 minora
604 615 672 669 viro.

141 694 189 747 Est
198 692 246 748 tibi
255 736 261 759 ‚
282 692 486 764 aitqueprecor‚
507 688 654 746 multorum
665 688 739 744 filius
750 690 845 745 instar:

178 784 295 839 parsque
304 768 343 822 tui
353 775 445 838 partus
454 766 490 820 sit
498 765 547 820 tibi
557 764 630 820 salva
640 765 724 836 prior.
783 834 786 841 Ι

141 844 189 896 Est
198 843 306 908 coniux,
321 841 401 896 tutela
411 840 568 897 hominum:
589 857 645 912 quo
654 840 756 912 sospite
766 849 881 905 vestram,

179 917 265 983 Livia,
287 915 420 971 funestam
430 915 538 970 dedecet
547 932 605 971 esse
614 914 739 971 domum.

306 1091 426 1184 NUX
471 1090 727 1148 ELEGIA.

142 1202 171 1266 N
175 1230 212 1268 ux
222 1230 271 1286 ego
282 1213 371 1269 iuncta
381 1212 449 1278 viae,
460 1229 547 1284 quum
558 1212 610 1267 sim
620 1212 680 1269 siue
688 1214 802 1269 crimine
814 1215 881 1275 vitae,

180 1305 194 1341 a
205 1287 305 1359 populo
314 1288 386 1342 saxis
396 1296 578 1358 praetereunte
587 1296 671 1360 petor.

143 1361 260 1418 Obruere
271 1363 319 1418 ista
330 1361 396 1418 solet
406 1362 561 1419 manifestos
570 1380 654 1435 poena
668 1372 803 1431 nocentes,

180 1439 287 1511 publica
296 1456 383 1513 qurum
394 1436 492 1493 lentam
504 1457 556 1495 uon
567 1438 637 1511 capit
648 1439 686 1493 ira
697 1457 811 1495 moram.

90 1529 101 1570 o
144 1515 187 1570 Nil
199 1534 247 1590 ego
257 1515 378 1587 peccavi:
399 1512 485 1570 nisisi
496 1523 734 1586 peccarevooatur,

181 1609 269 1646 annua
280 1591 374 1646 cultori
385 1607 463 1662 poma
474 1588 569 1645 referre
579 1607 639 1645 suo.

144 1667 177 1720 At
187 1667 262 1737 prius
273 1666 423 1730 arboribus,
445 1674 509 1721 tuno
521 1682 607 1737 quum
618 1664 728 1721 meliora
739 1664 845 1720 fuerunt

182 1749 310 1810 tempora,
324 1748 456 1793 certamen
467 1738 608 1813 fertilitatis
618 1748 688 1795 erat:

142 1831 227 1885 quum
239 1813 341 1870 domini
352 1831 483 1870 memores
494 1816 571 1871 sertis
581 1833 676 1872 ornare
685 1810 808 1871 solebant

89 1901 114 1947 1⁰
180 1889 322 1963 agricolas,
344 1889 431 1944 fructu
441 1887 626 1961 proveniente,
646 1890 720 1946 deos.

143 1963 225 2035 Saepe
235 1973 295 2019 tuas
306 1965 400 2038 igitur,
422 1965 511 2030 Liber,
532 1967 645 2021 miratus
656 1983 685 2020 es
695 1984 764 2022 uvas

180 2039 272 2093 mirata
283 2048 323 2093 est
330 2039 401 2094 oleas
411 2057 489 2112 saepe
499 2042 619 2098 Minerva
632 2058 706 2096 suas.

142 2116 277 2185 Pomaque
288 2113 426 2170 laesissent
435 2126 557 2182 matrem,
578 2116 631 2173 nisi
641 2116 749 2172 subdita
760 2135 834 2174 ramo

181 2189 258 2263 longa
269 2189 397 2246 laboranti
409 2190 482 2247 lurca
494 2192 597 2247 tulisset
605 2209 694 2265 opem.

89 2275 114 2318 15
142 2263 214 2332 Quin
224 2266 303 2322 etiam
313 2266 436 2339 exemplo
445 2267 564 2339 pariebat
573 2267 673 2322 femina
683 2275 789 2338 nostro,

181 2339 309 2414 nullaque
319 2362 372 2400 non
383 2342 429 2398 illo
439 2352 557 2415 temporo
566 2352 650 2399 mater
659 2351 725 2398 erat.

142 2415 176 2471 At
195 2427 338 2492 postquam
357 2418 486 2493 platanis,
507 2417 624 2475 sterilem
645 2419 837 2491 praebentibus

214 2545 215 2549 ,
625 2495 762 2561 umbram,

180 2567 288 2629 uberior
297 2570 397 2648 quavis
406 2568 692 2634 arboreueaitbonon

131 2644 591 2728 nosquoqualrugileraelsiuux
599 2641 887 2706 mompsuestenum

61 2740 93 2787 2⁰
164 2731 319 2812 coepimus
331 2732 368 2789 in
378 2718 652 2806 patulusluxuriare
659 2722 764 2764 eomes.
