1868 2962
215 111 379 159 AMORUM
397 112 468 156 LIB.
488 112 531 158 111.
558 114 612 157 ΕΒ.
628 114 651 157 4.
766 107 813 158 489

12 264 19 275 ,
101 211 234 285 obsequio
242 211 332 268 vinces
343 210 432 282 aptius
442 211 487 266 illa
498 220 551 267 tuo.

64 286 127 342 Vidi
137 305 189 363 ego
199 304 286 359 nuper
296 304 408 359 equum,
424 295 514 343 contra
524 304 573 349 sua
582 285 655 342 irena
665 296 792 352 tenacem,

103 381 148 418 ore
158 362 299 419 reluctanti
309 360 433 418 fulminis
443 363 481 417 ire
489 361 578 417 modo.
622 369 623 374 ’

10 454 15 491 =.
65 438 206 502 Constitit,
227 446 258 493 ut
266 438 385 510 primum
395 455 533 492 concessas
545 437 630 492 sensit
639 437 765 506 habenaS,
844 453 868 494 15

103 513 234 585 frenaque
243 512 272 568 in
282 512 366 567 effusa
375 512 434 567 laxa
444 513 527 568 iacere
537 513 612 567 iuba.

65 588 186 642 Nitimur
196 588 225 642 in
234 587 346 642 vetitum
356 604 470 658 semper,
491 588 671 660 cupimusque
683 599 784 662 negata.

103 661 149 716 Sic
158 660 305 716 interdictis
315 662 439 717 imminet
449 680 527 737 aeger
535 664 624 734 aquis.

66 736 181 793 Centum
194 735 278 792 fronte
288 735 388 804 oculos,
409 746 516 792 centum
525 739 626 792 cervice
638 738 745 811 gerebat

105 810 248 886 Argus30t
256 811 306 868 hos
315 830 388 867 unus
397 830 475 884 saepe
484 811 575 867 fefellit
584 812 676 868 Amor.
843 827 868 868 20

68 889 98 943 {n
109 886 226 943 thalamo
235 888 332 952 Danai,
355 906 421 943 saxo
430 887 552 960 ferroque
562 889 682 960 perenni,

103 979 174 1035 quae
183 962 268 1019 iuerat
276 963 352 1036 virgo
362 962 466 1028 tradita,
486 971 569 1018 mater
579 971 642 1018 erat.

68 1036 197 1110 Penelope
205 1037 313 1104 mansit,
334 1037 459 1109 quamvis
469 1038 578 1094 custode
587 1046 693 1104 careret,

105 1114 174 1168 inter
187 1121 242 1168 tam
255 1111 354 1168 multos
365 1112 518 1168 intemerato
527 1131 631 1186 procos.

66 1188 207 1261 Quidquid
215 1197 346 1255 servatur,
356 1188 588 1264 cupimusmagis.
605 1189 718 1261 ipsaque
728 1188 812 1243 furem
843 1202 867 1244 25

103 1282 169 1320 cura
178 1270 262 1320 vocat.
291 1264 381 1330 Pauci,
403 1266 476 1337 quod
485 1264 632 1327 sinitalter,
655 1273 754 1319 amant.

65 1341 121 1396 Noc
133 1339 200 1394 facie
208 1338 294 1412 placet
305 1339 364 1412 ipsa
373 1358 433 1406 sua,
453 1341 500 1394 sed
510 1359 599 1396 amore
609 1340 707 1394 mariti.

102 1414 199 1470 Nescio
208 1414 284 1487 qnid,
305 1413 527 1488 quodteceperit,
547 1422 717 1486 esseputant.

65 1492 126 1549 Non
135 1489 218 1563 proba
229 1489 273 1557 sit,
293 1507 377 1564 quam
388 1489 431 1545 vir
442 1498 539 1556 servat,
560 1490 608 1545 sed
617 1488 749 1545 adultera:
770 1509 812 1544 ca-

603 1571 693 1632 raest;

104 1640 163 1712 ipse
172 1639 253 1696 timor
261 1641 377 1714 pretium
388 1658 496 1713 corpore
508 1641 596 1696 maius
607 1640 695 1696 habet.
842 1653 866 1694 ao

65 1714 209 1790 Indignere
217 1715 290 1778 licet;
312 1716 547 1772 iuvatinconcessa
558 1716 691 1788 voluptas.

104 1788 166 1846 Soli
175 1790 269 1863 placet,
289 1791 391 1857 Timeo,
411 1791 496 1846 dicere
506 1793 528 1846 si
539 1809 592 1863 qua
602 1799 695 1864 potest.

65 1867 127 1922 Non
136 1875 226 1921 tamen
237 1867 383 1940 ingenuam
395 1866 437 1921 ius
449 1875 489 1922 est
499 1883 603 1922 servare
611 1866 737 1939 puellam.

103 1941 154 1997 Hic
163 1949 249 1996 metus
259 1950 381 2007 externae
391 1960 498 2014 corpora
506 1942 594 2016 gentis
604 1950 672 2018 agat.

65 2015 172 2073 Scilicet
183 2024 214 2073 ut
222 2017 305 2091 possit
314 2026 418 2084 custos,
437 2018 508 2091 Ego,
529 2018 629 2084 dicere,
649 2014 708 2083 feci,
842 2027 866 2068 35

103 2092 133 2148 in
144 2090 250 2147 landem
259 2092 329 2148 servi
339 2101 410 2149 casta
419 2093 454 2147 sit
463 2091 508 2147 illa
517 2093 566 2149 tui.

64 2166 193 2223 Rusticus
202 2175 242 2223 est
251 2168 375 2234 nimium,
390 2185 471 2241 quem
483 2166 560 2223 laedit
570 2168 686 2224 adultero
697 2166 795 2222 coniux
805 2185 810 2232 ;

10 2252 17 2315 j
103 2249 130 2298 et
139 2251 214 2299 notos
224 2260 311 2299 mores
322 2262 375 2299 uon
388 2243 452 2298 satis
463 2243 540 2299 Urbis
549 2243 636 2310 habet,

66 2320 94 2375 in
104 2336 160 2390 qua
169 2319 329 2393 Martigenae
339 2337 392 2374 non
402 2327 466 2374 sunt
474 2319 531 2375 sine
541 2319 654 2374 crimine
664 2317 717 2372 nati

102 2395 236 2451 Romulus
246 2393 350 2460 iliades,
371 2394 518 2467 Iliadesque
528 2395 638 2448 Remus.
841 2399 866 2444 tu

65 2469 126 2538 Quo
135 2469 184 2524 tibi
194 2468 347 2533 formosam,
368 2471 455 2524 sinon
467 2470 518 2524 nisi
528 2476 598 2522 casta
610 2465 745 2541 placebat?

102 2545 162 2600 Non
167 2552 285 2614 possunt
293 2543 356 2600 udis
366 2545 417 2602 ista
426 2545 498 2609 ooire
508 2543 613 2602 modis.

51 2617 172 2686 sisapc,
187 2615 458 2701 induigedomina03
481 2624 647 2704 vultusque
657 2640 781 2684 seueros
