1868 2962
304 209 386 257 unx
407 211 560 258 nnncra.
700 270 702 274 v
755 205 804 256 335

56 312 137 367 Nunc
146 326 233 382 nequa
243 311 383 367 continuos
393 319 540 368 nascuntur
549 328 628 384 poma
636 327 683 383 per
693 328 791 366 annes:

95 402 204 458 uvaque
212 384 282 442 laesa
292 386 418 454 domum,
440 386 564 460 laesaque
573 387 652 442 bacca
662 387 744 442 venit.

56 463 136 517 Nunc
147 469 253 517 uterum
263 461 352 529 vitiat,
373 479 443 535 quae
454 461 513 519 uult
520 461 635 518 iormosn
645 461 744 516 videri:

95 553 208 610 raraque
217 537 246 593 in
256 536 306 593 hoc
315 554 380 595 aare
392 544 441 604 est,
462 555 532 610 quae
540 536 605 594 veiit
617 553 674 592 esse
682 553 789 608 parens.

57 611 133 667 Certe
145 629 204 686 ego,
225 612 402 686 sinunqunm
412 614 587 685 peperissem,
608 611 690 668 tutior
701 629 798 666 essem.
833 624 858 666 25

96 688 149 742 Ista
162 687 372 762 Clytaemnestra
381 688 464 762 digna
474 685 582 760 quercla
593 686 653 742 fuit.

57 761 86 817 Si
97 762 164 817 sciat
173 761 224 817 hoc
233 762 312 829 vitis,
333 771 471 819 nascentes
482 763 633 834 supprimet
641 779 721 818 uvas.

95 837 223 909 urbsque.
244 837 268 891 si
278 837 413 904 scinthcc,
434 837 548 893 Palladis
559 838 636 894 arbor
648 837 707 892 erit.

57 913 113 968 Hoc
122 911 151 966 in
162 912 283 968 notitiam
293 913 383 969 veniat
395 911 520 986 maloque
529 914 654 986 pircque;

96 986 241 1043 destituent
249 987 332 1043 siivas
342 996 456 1060 unaque
465 1005 544 1060 poma
554 1006 627 1044 suas.
834 1000 859 1043 3ο

57 1061 185 1136 Quaeque
195 1061 247 1117 sibi
257 1063 331 1117 vario
344 1063 488 1136 distinguit
496 1079 575 1134 poma
585 1061 679 1128 colore,

95 1137 186 1192 audiat
197 1137 248 1192 hoc
256 1153 377 1203 cerneus;
398 1137 480 1208 stipes
490 1137 577 1192 inanis
587 1137 646 1192 erit.

57 1210 374 1284 Ncnequideminvidec:
388 1229 536 1284 numquam
547 1210 695 1268 tamenulln
702 1212 802 1279 feritur,

95 1304 166 1360 quae
176 1285 273 1341 sterilis
283 1285 338 1342 sola
347 1287 535 1360 conspicienda
546 1305 622 1343 coma
634 1295 683 1344 est.

58 1361 666 1430 Cer-nitesincerosomnesexordinetruncos,
834 1375 859 1419 35

96 1438 145 1511 qni
155 1437 234 1493 modo
244 1437 292 1503 nil,
313 1439 597 1509 quarepercutinntur,
618 1438 726 1492 habent.

58 1513 94 1569 At
105 1513 260 1573 mihisneva
272 1519 367 1569 nocent
378 1512 508 1567 mutilatis
518 1510 629 1567 vulnera
640 1514 735 1581 ramis3

97 1588 223 1660 nudaque
232 1587 436 1644 detectncnrtice
446 1587 519 1662 ligna
528 1595 628 1659 patent.

57 1664 119 1719 Non
128 1663 219 1719 odium
232 1661 293 1718 iacit
305 1665 364 1729 hoc,
385 1661 432 1718 sed
441 1680 503 1735 spes
513 1661 616 1718 indulta
627 1661 745 1735 rapinae.

96 1738 251 1794 Sustineant
260 1739 326 1794 alise
335 1756 429 1812 pome3
450 1738 688 1811 querenturidem.
834 1748 859 1792 tu

58 1815 102 1870 Sic
111 1831 173 1869 reus
183 1813 227 1868 ilie
237 1813 290 1869 iere
299 1822 354 1878 est,
375 1813 408 1868 de
419 1831 474 1884 quo
485 1814 593 1868 victoria
604 1811 678 1868 lucro

95 1906 154 1945 csse
164 1898 262 1962 potest:
283 1888 371 1960 inopis
380 1888 486 1942 vindice
496 1887 562 1943 iacta
572 1896 670 1944 carent.

58 1963 102 2020 Sic
111 1966 185 2020 timet
195 1962 316 2028 insidias,
336 1963 385 2036 qui
395 1963 483 2019 sescit
493 1963 664 2029 rementiatur,

95 2040 140 2095 cui
151 2040 255 2096 timeat:
276 2047 365 2096 tntum
375 2040 460 2112 carpit
469 2039 557 2094 inanis
568 2040 625 2094 iter.

58 2114 103 2172 Sic
114 2114 228 2190 egosola
238 2124 324 2188 petor,
345 2114 395 2171 soli
405 2116 572 2187 quiacnussa
582 2113 688 2186 petendi
699 2121 748 2169 est.
835 2123 860 2169 45

96 2190 248 2246 Frondibus
260 2190 364 2245 intactis
373 2201 472 2244 caetera
483 2190 560 2245 turba
571 2191 649 2245 viret.

58 2268 128 2322 Nam
147 2265 221 2338 quod
241 2265 341 2322 hahent
358 2264 466 2320 frutices
487 2264 533 2320 alii
547 2282 656 2338 qnoque
674 2265 796 2336 proxima

591 2336 668 2395 nobis

97 2415 243 2490 fragmina,
263 2413 416 2488 quodlaeso
425 2413 729 2483 riminemnltaiacent3
755 2474 757 2479 ,

59 2510 114 2549 non
125 2492 183 2546 istis
193 2510 243 2547 sua
253 2489 318 2546 iacta
329 2499 437 2548 nocent:
459 2491 557 2547 vicinia
566 2490 666 2545 damno
675 2497 725 2544 est.

96 2567 243 2639 Excipiunt
253 2569 307 2622 ictu
317 2584 381 2622 saxa
392 2565 499 2640 repulsa
510 2582 583 2623 men.
847 2571 882 2608 Ὦ

54 2642 308 2726 idqaesrdecareat;
328 2643 354 2699 si
365 2662 432 2712 non,
455 2662 530 2722 quas
538 2642 659 2722 longius
668 2637 794 2696 assume

80 2722 205 2770 ratrrnrn
215 2717 335 2777 retinent
345 2720 486 2783 inviolata
497 2722 608 2782 decus.
