1868 2962
183 112 302 161 ARTIS
321 111 551 160 AMATORIAE
575 112 687 160 LIB.1.
756 108 806 164 225

56 212 206 270 Blanditias
214 211 280 268 ferat
290 211 335 267 illa
345 220 420 280 tuas,
441 213 597 286 imitataque
606 224 743 271 amantum

94 289 197 357 verba3
218 288 397 362 neeexiguas‚
418 288 543 360 quisquis
554 306 591 354 es,
612 291 678 345 adde
688 309 788 363 preces.
822 301 860 347 tte

57 367 168 421 Hectora
179 363 288 419 donavit
296 364 410 430 Priamo,
430 371 615 435 praemotus,
635 366 765 423 Achilles:

94 439 210 496 flectitur
222 438 306 493 iratus
316 456 379 494 voee
387 447 496 513 rogante
505 439 582 494 deus.

58 516 200 571 Promittas
211 513 302 569 facite:
323 514 389 585 quid
399 515 471 570 enirn
481 515 635 587 promittere
645 513 741 570 laedit?

95 589 225 646 Pollicitis
234 588 310 643 dives
320 589 433 660 quilibet
442 608 500 645 esse
508 598 603 662 potest.

57 666 126 739 Spes
136 671 208 719 tenet
215 664 244 718 in
255 670 370 735 tempus,
382 664 464 719 semel
474 673 514 719 est
520 666 545 736 si
555 665 664 730 credita,
676 664 801 740 longum:
822 676 861 722 tiz·

95 738 143 795 illa
152 738 264 812 quidem
274 737 365 805 fallax,
386 739 433 793 sed
442 748 529 795 tamen
540 749 600 812 apta
611 740 658 795 dea
670 748 719 795 est.

58 816 87 871 Si
98 814 204 870 dederis
213 812 326 886 aliquid,
346 815 443 886 poteris
455 815 554 870 ratione
563 815 691 886 relinqui.

96 889 271 946 Praeteritum
281 887 380 956 tulerit,
399 889 596 962 perdideritque
606 889 684 944 nihil.

58 963 365 1038 AtquoduondederiS‚
387 982 492 1036 semper
502 966 606 1020 videare
615 965 736 1020 daturus.

97 1040 143 1095 Sic
152 1039 293 1095 dominum
304 1039 401 1093 sterilis
411 1057 490 1111 saepe
499 1039 590 1095 fefellit
599 1057 670 1112 ager
757 1084 774 1113 Ι.
824 1049 862 1096 tte

58 1116 114 1182 Sic,
134 1133 169 1170 ne
177 1113 331 1186 perdiderit,
353 1132 405 1170 nen
416 1122 501 1169 cessat
509 1115 617 1186 perdere
628 1114 714 1170 lusor:

97 1198 125 1246 et
133 1196 238 1245 revecat
246 1189 359 1261 cupidas
371 1189 426 1245 alea
436 1189 534 1245 blanda
548 1207 656 1245 manus.

59 1270 116 1324 Hoc
124 1282 203 1338 epus,
215 1263 259 1319 hic
268 1263 342 1320 labor
350 1273 403 1322 est:
416 1266 536 1338 primum
546 1267 604 1320 sine
617 1283 727 1320 munere
737 1266 825 1340 iungi.

98 1342 128 1397 Si
137 1339 240 1396 dederit
248 1341 341 1414 gratis,
362 1358 431 1414 quae
441 1341 522 1405 dedit,
543 1340 723 1412 usquedabit.

59 1420 134 1492 Ergo
143 1423 194 1481 eat,
216 1425 241 1470 et
252 1415 359 1470 blandis
369 1425 506 1488 peraretur
516 1414 590 1470 litera
600 1415 704 1470 verbis:
825 1423 863 1469 tun

99 1491 395 1564 exploretqueenimns‚
419 1492 560 1563 primaque
570 1497 651 1544 tentet
660 1490 719 1544 iter.

59 1568 149 1624 Litera
159 1565 309 1641 Cydippen,
329 1583 409 1639 pomo
418 1565 531 1638 perlata,
555 1563 659 1619 fefellit:

98 1641 239 1715 insciaque
247 1648 288 1696 est
297 1643 386 1697 verbis
395 1649 470 1715 capta
481 1639 570 1713 puelia
581 1640 649 1696 suis.

60 1719 139 1774 Disce
147 1718 232 1774 bonas
241 1724 320 1784 artes,
340 1735 444 1784 moneo,
464 1717 732 1784 Romanaiuventus3

100 1801 279 1859 nomentum,
301 1793 417 1865 trepidos
426 1801 456 1847 ut
465 1801 554 1847 tueare
563 1809 631 1846 reos.
826 1798 865 1846 tto

61 1869 152 1937 Quam
161 1867 288 1941 populus,
300 1867 435 1941 iudexque
440 1867 541 1942 gravis,
552 1865 691 1937 lectusque
699 1873 822 1933 senatus3

100 1952 156 2000 tam
166 1942 355 2014 debiteloquin
365 1945 432 1999 victa
445 1942 533 2015 puella
545 1958 652 1996 manus·

62 2019 115 2076 Sed
125 2018 222 2074 lateant
231 2019 315 2087 vires3
336 2037 385 2074 nee
396 2021 434 2074 sis
445 2020 472 2073 in
484 2017 567 2073 trente
576 2017 701 2072 disertus.

99 2093 238 2168 Effugiant
245 2112 323 2150 voees
333 2095 414 2150 verba
425 2093 533 2150 molesta
544 2101 614 2150 tuae.

63 2169 142 2238 Quis,
154 2169 207 2224 nisi
219 2170 316 2225 mentis
327 2170 415 2242 inops,
437 2178 540 2224 tenerae
550 2168 678 2224 declamet
689 2163 807 2220 amicae?
827 2170 864 2219 itt

101 2244 186 2316 Saepe
195 2244 287 2300 valens
297 2245 351 2301 edii
362 2245 437 2300 litera
446 2262 539 2299 caussa
550 2243 609 2299 fuit.

63 2321 104 2376 Sit
114 2320 163 2375 tibi
172 2319 308 2376 credibilis
318 2338 415 2384 sermo,
438 2329 617 2392 consuetaque
626 2314 721 2370 verba:

102 2394 201 2451 blanda
211 2404 310 2459 tamen,
333 2412 456 2467 praesens
467 2402 497 2451 ut
505 2394 611 2449 videare
624 2389 707 2460 loqui.

64 2470 92 2527 Si
106 2488 160 2526 non
173 2471 283 2543 aecipiet
295 2471 435 2541 seriptum,
455 2469 626 2539 illectumque
637 2463 764 2534 remittet3

103 2545 230 2600 lecturam
240 2563 327 2616 spera,
347 2546 576 2620 propositumque
584 2552 659 2601 tene.
844 2545 892 2588 m

57 2619 319 2754 Tgnpporerdpdedes
331 2623 448 2684 vem'unt
457 2625 497 2684 ad
509 2632 604 2684 aratra
611 2617 752 2680 iuvenuit

116 2713 159 2751 10·
194 2739 202 2753 .
229 2744 236 2755 .
723 2706 749 2761 ἳ
