1868 2962
128 163 179 216 236
320 166 351 211 P.
373 164 502 212 ovmu
520 164 689 211 NASONIS

165 266 383 338 semibovemque
394 265 497 332 virum,
519 265 737 338 semivirumque
745 267 850 336 bovem3

74 359 99 401 25
128 343 167 399 Sit
177 341 274 397 modus
284 341 379 407 exilio,
400 341 482 407 dixit,
504 340 653 396 iustissime
662 342 768 399 Minos:

165 418 276 490 accipiat
285 418 386 472 cineres
397 424 463 472 terra
473 424 582 487 paterna
591 434 681 473 meos:

127 502 153 549 et
162 494 291 566 qnoniam
304 494 333 548 in
343 494 441 565 patria,
462 491 523 547 fatis
533 491 649 566 agitatus
660 492 775 565 iniquis,

166 571 255 625 vivere
266 588 319 626 non
328 569 418 641 potui,
439 568 473 623 da
481 569 564 635 mihi,
585 569 755 640 possemori.

128 647 166 701 Da
176 645 290 701 reditum
302 661 397 717 puero,
418 643 491 697 senis
501 651 541 698 est
550 643 573 698 si
583 643 669 717 gratia
679 643 759 699 vilis:

75 729 117 776 3ο·
168 722 190 775 si
203 739 256 777 non
268 721 311 775 vis
320 736 404 792 puero
413 735 534 789 parcere,
554 735 633 791 parea
642 719 714 775 sani.

129 797 235 851 Dixerat
245 795 322 849 haec:
343 793 390 848 sed
400 800 426 848 et
434 793 509 859 haec,
530 801 556 848 et
565 792 650 849 multo
660 793 741 866 plura
752 793 843 849 licebat

166 871 265 925 dicere:
287 876 314 923 at
323 886 447 942 egressus
457 886 512 924 non
521 868 602 924 dabat
610 868 657 923 iiie
666 870 737 925 viro.

130 945 207 1012 Quod
222 942 304 1000 simul
320 943 462 1009 adsensit,
483 945 577 1010 Nune,
599 961 687 1010 nunc¹
709 943 856 1007 oDaedale,

613 1019 691 1085 dixit,

167 1096 320 1160 materiam,
341 1112 396 1168 qua
405 1093 444 1150 sis
454 1094 625 1169 ingeniosus,
644 1095 741 1151 habes.

76 1183 100 1225 35
129 1171 249 1226 Possidet
257 1188 290 1225 en
301 1179 396 1234 terras,
417 1178 443 1225 et
451 1169 570 1243 possidet
579 1188 695 1242 aequora
704 1171 805 1225 Minos·

168 1263 216 1300 nec
226 1245 305 1300 tellus
315 1253 433 1311 nostrae,
455 1263 504 1300 nec
513 1252 585 1317 patet
594 1245 667 1300 unda
677 1243 768 1319 fugae.

129 1323 218 1375 Restat
227 1322 276 1374 iter
285 1320 364 1375 cneii:
385 1319 458 1376 doeio
468 1321 631 1376 tentabimus
641 1320 690 1375 ire.

167 1397 205 1450 Da
213 1395 321 1450 veniam
330 1398 434 1467 inepto,
455 1396 555 1467 iupiter
565 1395 647 1461 alme,
669 1413 740 1452 meo.

130 1473 189 1527 Non
199 1488 248 1546 ego
257 1471 373 1526 sidereas
381 1471 475 1527 affecte
485 1480 593 1545 tangere
602 1471 689 1528 sedes.

76 1554 101 1600 tt
167 1545 499 1621 Quafugiamdominum‚
521 1546 606 1612 nulla,
627 1548 679 1602 nisi
691 1547 758 1613 ieta,
778 1548 872 1603 viaest.

130 1623 179 1676 Per
189 1621 271 1695 Styga
280 1621 357 1677 detur
367 1623 430 1689 iter,
452 1623 558 1698 Stygias
568 1622 749 1678 transibimus
757 1622 853 1678 undas.

167 1697 227 1751 Sint
236 1696 304 1751 mihi
315 1705 424 1752 naturae
435 1697 493 1753 iura
505 1698 627 1755 novanda
637 1715 723 1754 meae.

130 1772 273 1847 Ingenium
288 1772 358 1829 mala
372 1791 450 1846 saepe
465 1782 582 1831 movent.
613 1772 681 1840 Quis
690 1774 866 1830 crederetun-

583 1862 585 1867 ·
612 1866 706 1921 quam,

167 1924 251 1988 adrias
261 1925 398 1981 hominem
408 1943 514 1997 carpere
523 1941 602 1996 posse
611 1923 688 1979 vias?

76 2005 101 2051 55
129 1999 282 2070 Remigium
293 1999 415 2056 volucres
424 1999 543 2071 disponit
551 2000 580 2055 in
591 1999 684 2056 ordine
692 2017 808 2072 pennas,

167 2082 193 2126 et
203 2073 259 2127 leve
268 2091 316 2143 per
325 2074 372 2128 lini
383 2075 491 2130 vincula
501 2076 581 2130 nectit
592 2093 675 2147 opus:

131 2147 238 2217 imaque
247 2163 310 2216 pars
318 2148 386 2201 ceris
396 2149 572 2224 adstringitur
581 2151 644 2224 igne
656 2149 768 2206 solutis:

168 2221 315 2292 finitusque
324 2240 408 2277 novae
419 2224 471 2279 iam
483 2224 557 2281 labor
567 2226 631 2280 artis
641 2233 706 2281 erat.

130 2295 268 2351 Tractabat
277 2313 418 2368 ceramque
426 2316 494 2370 puer
503 2318 660 2372 pennasque
668 2301 806 2366 renidens,

76 2381 101 2421 5ο
168 2371 274 2426 nescius
283 2372 348 2426 haec
358 2372 478 2428 humeris
488 2393 562 2430 arma
572 2383 662 2447 parata
671 2377 740 2431 suis.

131 2443 180 2498 Cui
191 2454 273 2515 pater,
295 2449 352 2512 His,
372 2448 470 2519 inquit,
491 2451 575 2519 patria
585 2459 625 2505 est
633 2450 757 2506 adeunda
767 2449 875 2506 carinis:

131 2550 132 2554 =
170 2519 220 2574 hac
230 2521 307 2578 nohis
317 2525 403 2580 Minos
414 2522 582 2596 effugiendus
592 2543 652 2596 ope.

119 2598 256 2658 Adranon
267 2603 359 2676 potuit
369 2601 476 2669 Minus3
496 2599 768 2655 aiianmnmdaus'u.

151 2676 215 2750 Qua
227 2679 308 2752 iicet,
331 2681 460 2745 inventis
470 2679 534 2735 a'e'ra
546 2690 650 2747 rumne
657 2671 740 2724 mdia.
