1868 2962
208 165 258 213 AD
276 165 415 213 LIVIAM
431 166 652 214 AUGUSTAM.
752 165 796 216 33l

55 266 117 324 Vita
126 265 186 321 data
195 273 235 322 est
244 264 355 322 utenda:
376 265 437 322 data
446 267 553 322 estsine
562 267 666 325 foenore
678 269 754 325 nobis

95 350 198 407 mutua,
220 358 268 397 nec
277 349 346 397 certa
360 341 536 413 persoluenda
546 342 599 398 die.
817 357 856 399 37⁰

56 418 175 472 Fortuna
185 416 301 471 arbitriis
311 424 417 489 tempus
426 416 564 490 dispensat
573 418 685 491 iniquis.

94 491 142 546 llla
152 493 221 563 rapit
229 491 353 547 iuvenes:
374 493 488 548 sustinet
498 491 543 547 illa
553 511 645 548 senes:

56 583 166 639 quaque
179 567 242 633 ruit,
258 565 404 631 furibunda
414 569 482 623 ruit:
504 575 643 641 totumque
652 586 699 641 per
709 571 800 626 arbem

94 641 229 708 fulminat,
250 648 275 696 ct
284 642 368 698 caecis
380 659 456 698 caeca
465 643 615 715 triumphat
626 645 714 717 equis.

55 719 148 791 Regna
158 716 222 772 deae
231 717 343 772 immitis
352 735 430 790 parce
439 718 542 773 irritare
552 719 702 790 querendo:
818 732 856 776 375

94 791 236 848 sollicitare
243 793 349 847 animos
361 810 439 865 parce
448 795 562 866 patentis
573 794 661 850 herae.

56 867 131 935 Quae
140 875 229 923 tamen
239 867 289 922 hcc
298 885 353 923 unc
362 868 445 922 tristis
455 868 504 924 tihi
516 875 632 941 lempnne
642 870 728 937 venit,

94 959 173 1015 saepe
181 941 272 997 eadem
283 942 364 998 rebus
373 941 439 999 iavit
448 944 534 999 amica
547 945 610 1000 tuis.

59 1019 126 1074 Nata
136 1017 209 1091 quod
219 1035 253 1074 ex
265 1017 317 1074 alta
326 1036 365 1084 es,
376 1018 449 1091 quod
458 1018 572 1075 lectibus
582 1026 659 1075 aucta
668 1019 788 1090 duobus;

94 1092 221 1167 quodque
229 1090 309 1148 etiain
318 1110 415 1166 magno
424 1095 571 1149 consociata
581 1095 650 1150 lovi:
818 1108 857 1150 aaa

56 1168 130 1243 quod
141 1185 245 1239 semper
254 1167 354 1224 domito
364 1167 442 1222 rediit
451 1169 500 1223 tibi
510 1168 606 1225 Cacsar
615 1169 649 1224 ab
659 1170 731 1235 orbe,

93 1243 177 1319 gessit
185 1251 211 1297 et
220 1243 318 1298 invicta
328 1259 453 1315 prospera
464 1242 533 1299 bella
544 1261 641 1300 manu:

56 1318 130 1394 quod
138 1334 200 1390 spes
209 1317 534 1392 impleruntmaternaque
543 1327 603 1376 vota
613 1321 743 1391 Nerones3

94 1393 168 1468 quod
175 1392 273 1466 pulsus
283 1394 358 1450 toties
367 1394 451 1450 hostis
461 1403 574 1467 utroque
583 1395 660 1451 duce.

17 1509 20 1513 ,
56 1470 180 1535 Rhenus,
202 1476 228 1524 et
236 1468 349 1542 Alpinae
357 1468 450 1535 valles,
471 1477 497 1523 et
506 1471 637 1544 sanguine
647 1471 724 1544 nigro
819 1484 857 1526 385

95 1543 198 1601 decolor
208 1543 303 1599 iniecta
312 1544 386 1599 testis
396 1545 499 1619 ltargus
509 1561 594 1616 aqua:
645 1614 648 1618 A
797 1562 799 1566 “

56 1620 251 1692 Danubiusque
260 1625 357 1692 rapax,
378 1626 404 1675 ct
413 1619 510 1675 Dacius
521 1619 585 1676 orbe
594 1629 694 1676 remoto

95 1693 200 1767 Apulus
211 1694 275 1750 huic
284 1695 353 1751 hosti
362 1695 491 1767 perbreve
500 1696 600 1751 Pontus
610 1696 673 1752 iter:

57 1770 257 1842 Armeniusque
265 1769 361 1845 fugax,
382 1778 408 1826 et
418 1771 525 1827 tandem
535 1770 654 1828 Dalmata
666 1771 790 1846 supplex,

94 1863 255 1918 summaque
263 1845 377 1917 dispersi
386 1862 433 1917 per
446 1847 510 1920 iuga
519 1848 664 1902 Pannonii:
819 1860 857 1902 390

56 1930 83 1978 et
92 1921 170 1978 modo
180 1921 329 1977 Germanus
339 1921 465 1977 Romanis
475 1921 597 1996 cognitus
610 1922 692 1978 orbis.

94 1996 209 2069 Adspice
218 2003 283 2069 quot
292 1995 394 2052 meritis
403 1994 482 2069 culpa
492 1997 527 2052 sit
536 2015 590 2052 una
601 1997 697 2053 minor.

56 2073 132 2131 Adde
143 2071 216 2145 quod
226 2078 266 2126 est
275 2072 372 2128 absens
381 2069 506 2128 iunctus:
527 2090 575 2128 ncc
584 2090 690 2129 cernere
700 2074 754 2129 nati

94 2148 240 2204 semineces
248 2146 339 2204 oculos
347 2147 499 2203 sustinuere
508 2148 558 2203 tui.

57 2224 164 2298 Quique
173 2221 248 2279 dolor
256 2223 339 2279 menti
349 2221 505 2278 lenissimus
514 2223 603 2279 inlluit
615 2242 717 2298 aegrae,
819 2237 857 2278 aas

95 2299 212 2371 accipere
222 2315 251 2353 es
261 2296 349 2353 luctus
360 2315 424 2353 aure
433 2305 519 2354 coacta
529 2307 599 2355 tuos.

57 2375 254 2446 Praevertitque
264 2381 351 2429 metus
360 2389 409 2445 per
419 2371 497 2448 longa
506 2372 623 2445 pericula
634 2372 750 2445 luctum;

96 2448 620 2522 tuquibuscuditisanxiamentiseras.
695 2511 697 2516 ¹

57 2526 117 2582 Non
127 2543 161 2580 ex
169 2523 306 2598 praecipiti
316 2523 390 2580 dolor
400 2524 429 2580 in
438 2532 483 2580 tua
492 2532 596 2596 pectora
610 2525 691 2589 venit¹

94 2596 625 2678 scdpermollitcsantetimeregnadus.
838 2601 885 2640 iffi

46 2676 150 2745 Iupiter
156 2692 190 2730 an
194 2681 219 2732 te
228 2675 292 2735 dedi
294 2685 304 2734 t
312 2676 338 2734 ia
342 2678 362 2735 ti
374 2676 450 2738 male
460 2679 547 2758 signa
554 2675 683 2741 cruenti„
