1868 2962
166 157 330 206 Anonun
348 158 417 204 nin.
437 140 482 204 ni.
502 160 560 205 nn.
575 159 601 204 2.
714 153 762 205 585

35 264 174 325 numen,
195 259 522 331 adextraquicunquees‚
542 259 742 333 parcepuellae.

54 336 184 394 Contactu
195 335 283 390 lateris
296 333 408 388 laeditur
420 334 471 388 ista
481 334 530 389 tui.

35 415 56 468 'u
81 427 204 491 quoquo,
224 411 271 483 qui
291 417 393 482 spectes
411 417 472 481 post
492 426 554 475 nos,
578 418 623 465 lua
641 412 766 467 oontiaho

56 561 80 616 si
90 559 178 633 pudor
187 568 241 624 est,
262 558 348 633 rigido
358 577 405 615 neo
414 574 505 632 preme
516 501 677 633 tergaugllu.

35 638 71 692 ed
81 636 198 691 nimium
208 634 324 689 demissa
333 634 419 689 iacent
428 633 563 762 mapaliis
577 641 667 689 terrae.
794 649 819 691 25

56 710 172 785 Collige3
193 708 235 765 vel
245 709 337 783 digitis
347 726 380 763 en
390 722 439 783 ogo
452 712 478 764 lo
498 710 600 765 omeis.

35 786 124 843 invida
135 784 218 841 vestis
227 802 294 851 eras,
315 801 385 856 quas
396 792 451 839 tum
461 785 530 840 bona
539 800 616 839 crura
625 785 745 858 tegeba53

56 879 166 934 quoque
175 860 262 932 magis
272 867 382 930 spectes,
403 859 495 914 invida
504 860 586 915 vestis
596 878 664 915 eras.

35 937 93 992 'alia
106 935 235 991 Milanion
248 933 382 989 Atalantes
391 952 469 990 crura
481 931 584 1008 fugacis

57 1012 158 1084 optavit
167 1009 294 1065 manibus
304 1010 466 1065 sustinuisse
475 1011 544 1065 suis.

35 1087 94 1142 falia
103 1087 254 1160 pinguntur
263 1085 412 1140 suocinctae
424 1102 501 1140 crura
511 1086 618 1151 Dianae,

57 1179 145 1235 quum
155 1160 277 1233 sequitur
286 1159 379 1226 fortes,
399 1159 490 1217 fortior
500 1161 572 1233 ipsa,
594 1159 671 1214 feras.

35 1239 68 1293 iis
78 1255 127 1311 ego
141 1255 194 1292 non
204 1236 271 1292 visis
281 1235 348 1290 orsi:
369 1236 436 1309 quld
449 1235 493 1290 fiet
502 1236 535 1290 ab
546 1233 623 1290 istis?

58 1314 89 1367 ln
99 1311 232 1367 flammam
244 1310 375 1377 flammas,
396 1311 425 1367 in
435 1326 508 1367 mare
520 1310 612 1366 lundis
625 1326 718 1383 aquas.

35 1388 148 1461 ¹›uspioor
157 1405 191 1441 ex
200 1386 268 1452 istis,
290 1394 315 1440 et
327 1396 425 1441 caetera
436 1403 514 1459 posse
523 1386 635 1459 placore,
797 1398 822 1440 35

58 1480 128 1536 quae
138 1462 205 1517 beno
215 1462 267 1517 sub
277 1460 351 1516 tonui
361 1461 465 1516 condite
475 1470 548 1516 veste
558 1458 659 1536 latens]

35 1540 68 1594 lis
80 1547 168 1593 tamen
178 1537 278 1592 interea
289 1535 521 1607 facilesarcessere
529 1543 631 1599 ventos,

58 1631 127 1687 quos
138 1611 216 1667 iaciat
225 1619 315 1668 nostra
325 1619 395 1666 mota
405 1610 501 1666 tabella
514 1609 615 1665 manu?

35 1708 64 1744 in
73 1687 161 1762 magis
170 1688 215 1742 hic
224 1705 301 1743 meus
311 1694 350 1742 est
359 1687 452 1753 animi,
474 1705 528 1743 non
538 1685 616 1752 airis,
638 1694 735 1752 aestus,
812 1682 816 1691 '

59 1772 189 1837 captaque
198 1761 329 1818 femineus
340 1771 443 1834 pectora
452 1770 532 1818 torret
541 1761 633 1819 amor?
798 1770 823 1816 io

35 1843 92 1895 lum
112 1837 221 1911 loquor,
246 1836 306 1893 alba
325 1839 401 1913 nigro
420 1855 512 1911 sparsa
533 1845 573 1893 est
592 1836 641 1892 tihi
660 1836 770 1910 pulvere

554 1912 646 1968 vestis.

60 1987 170 2044 Sordide
179 1987 213 2043 de
223 1988 302 2043 niveo
310 2004 418 2060 corpore
428 1985 519 2060 pulvis
530 1988 583 2043 nbi.

35 2064 136 2119 lediam
146 2081 243 2135 pompa
253 2063 339 2131 venit3
361 2063 462 2137 linguis
476 2063 626 2137 animisque
636 2063 720 2119 favete

60 2140 178 2211 Tempus
188 2138 261 2193 adest
270 2137 396 2210 plausus:
418 2156 496 2193 aurea
506 2148 604 2212 pompa
616 2139 698 2194 venit.

35 2216 112 2269 'rima
122 2213 178 2269 loco
189 2213 270 2268 fertur
280 2214 368 2285 passis
378 2214 492 2269 Victoria
503 2215 608 2286 pennis.
798 2221 823 2267 45

60 2291 119 2344 Huc
132 2288 207 2357 ades;
228 2296 254 2343 et
264 2307 339 2343 meus
353 2289 397 2343 hic
409 2288 457 2355 iac,
479 2289 537 2355 dea,
557 2291 647 2344 vincat
656 2305 739 2344 amor.

35 2364 145 2419 'laudile
154 2365 286 2435 Neptuno,
308 2365 423 2419 nimium
434 2365 481 2436 qui
493 2364 598 2418 creditis
608 2362 699 2417 undis.

61 2439 105 2494 Nil
117 2440 184 2493 mihi
194 2450 259 2494 cunr
265 2438 372 2512 pelago:
394 2458 437 2494 me
446 2457 504 2494 mea
515 2447 583 2492 terra
596 2443 674 2491 tenet.

35 2513 124 2569 'laude
134 2522 181 2569 tuo
189 2515 276 2578 illarii,
298 2514 388 2582 miles3
411 2534 459 2570 nos
468 2514 574 2570 odimus
586 2529 668 2567 arma.

61 2592 118 2644 Pax
131 2590 218 2654 iuvat,
240 2598 265 2643 et
276 2588 362 2644 media
372 2608 437 2664 pace
447 2595 568 2664 repertus
579 2589 673 2644 sinon.
802 2598 836 2637 *u

35 2664 176 2734 luguribus
185 2664 321 2732 Phoebus,
344 2665 745 2726 Phoebevenaniiiiusous'n:
