1868 2962
129 146 189 200 aaa
319 118 686 196 1².-or1n111ras0rr1s

76 264 115 308 tra
131 249 237 308 Grande
251 256 348 305 sonant
361 247 469 324 tragici;
494 246 608 322 tragicos
630 244 707 302 decet
720 244 760 303 ira
774 245 867 302 eothur·

611 339 675 378 nos:

169 399 293 456 versibus
304 416 318 454 e
331 398 427 454 mediis
437 414 529 454 soccus
542 396 684 452 habendus
693 396 755 452 erit.

130 476 210 533 Liber
220 474 383 531 inadversos
395 474 482 529 hostes
492 473 640 546 stringatur
649 472 773 542 iambum

169 568 216 606 seu
229 550 307 610 celer.
318 559 466 605 extremum
478 565 525 602 seu
535 546 621 602 trahat
632 545 676 602 illa
685 547 792 618 pedem

131 625 231 681 blanda
243 625 405 697 pharetratos
417 623 524 696 Elegeia
534 631 620 676 cantet
629 623 758 696 Amores:

78 713 118 757 att
170 710 196 756 et
207 701 271 754 levis
281 700 389 754 arbitrio
401 698 473 753 ludat
482 698 566 751 antica
580 715 639 753 suo.

134 775 288 832 Callimachi
300 773 420 829 numeris
433 781 535 828 nonest
548 771 678 827 dicendus
691 770 825 829 Achilles:

172 850 293 924 Cydippe
303 866 354 904 non
365 857 405 903 est
415 849 478 912 oris,
499 849 620 909 llomere,
640 847 691 902 tui.

134 924 201 992 Quis
208 925 270 979 leret
279 923 476 978 Andromaches
488 931 655 996 peragentem
666 922 769 977 Thaida
779 917 873 994 partesl

173 1001 271 1061 Peocat,
293 998 319 1052 in
330 997 515 1052 Andromache
524 997 625 1052 Thaida
635 998 658 1050 si
668 998 734 1069 quis
747 1007 817 1072 agat.

79 1086 119 1131 att
134 1074 216 1129 Thais
226 1075 253 1128 in
266 1075 328 1129 Arte
338 1090 396 1128 mea
406 1082 460 1127 est:
483 1071 590 1126 lascivia
601 1071 683 1127 libera
694 1083 785 1128 nostra
794 1081 841 1128 ast.

172 1149 214 1203 Nil
226 1149 292 1203 inibi
303 1166 366 1204 cunr
378 1149 456 1202 vitta:
478 1147 559 1202 Thais
571 1148 599 1200 in
609 1148 672 1202 Arte
680 1164 740 1203 maa
750 1157 799 1204 est.

135 1223 162 1278 Si
175 1241 230 1278 meu
244 1225 367 1279 materiae
378 1222 518 1294 respondet
527 1223 603 1276 Musa
615 1225 727 1289 iocosae¹
762 1237 766 1244 ·

173 1298 297 1360 vicimus,
313 1308 338 1352 et
348 1297 405 1352 lalsi
416 1297 538 1351 criminis
548 1306 603 1351 acto
615 1306 717 1353 maest.

135 1372 872 1446 humpereliroredax:magnumiarnnomenhabemus.

81 1459 120 1503 att
173 1448 260 1502 maius
271 1450 333 1509 erit;
355 1457 469 1509 tontum,
490 1464 545 1519 quo
554 1447 619 1520 pede
628 1448 725 1519 coepit,
746 1457 797 1504 eat.

136 1523 186 1580 Sed
199 1524 312 1580 nimium
326 1541 464 1596 properas:
475 1523 565 1577 vivam
576 1522 664 1586 modo,
677 1522 756 1595 plura
766 1522 872 1579 dolebis:

173 1608 199 1654 et
207 1610 311 1670 capient
321 1600 402 1654 animi
414 1599 531 1653 carmina
543 1597 626 1652 inulta
637 1596 701 1651 mei.

136 1675 204 1729 Nam
216 1675 303 1736 iuvat,
326 1683 352 1726 et
361 1674 480 1727 studium
494 1672 577 1728 lamae
586 1672 653 1726 mihi
664 1673 760 1729 crescit
769 1673 873 1730 bonore:

175 1748 305 1817 principio
313 1746 374 1800 olivi
388 1757 475 1801 noster
485 1747 590 1803 anhelat
600 1764 697 1818 equus.

83 1834 121 1877 att
136 1823 250 1877 Tantum
262 1838 291 1876 sa
303 1823 378 1876 nobis
388 1821 462 1896 Elegi
473 1822 568 1876 debere
578 1821 702 1888 latentur,

173 1897 305 1967 quantum
318 1897 428 1972 Virgilio
439 1896 526 1952 nobile
539 1897 615 1952 debet
623 1915 704 1968 opus.

137 1972 269 2028 liacwnus
281 1973 395 2027 invidiae
406 1973 606 2044 respondimus:
631 1973 733 2027 attrahe
743 1971 797 2028 lora

176 2045 278 2110 lortius,
299 2058 324 2101 et
335 2064 402 2120 gyro
412 2065 498 2110 curre,
523 2053 606 2118 poeto,
628 2057 683 2102 tuo.

137 2121 208 2195 Ergo
219 2121 263 2175 ubi
274 2121 431 2176 concubitus
442 2133 544 2192 etopus
557 2122 673 2176 iuvenile
686 2129 799 2193 petatur,

83 2201 123 2251 lut
175 2207 199 2250 et.
211 2214 290 2267 prope
300 2197 445 2268 promissae
457 2209 572 2268 tempora
588 2200 670 2254 noetis
680 2205 774 2265 erunt;

137 2271 234 2345 gaudia
247 2290 279 2326 ne
291 2272 422 2334 dominae,
443 2272 521 2343 pleno
531 2274 553 2326 si
565 2282 666 2343 pectore
676 2289 779 2337 sumes,

176 2356 200 2401 te
210 2358 324 2417 rapiant,
346 2347 644 2418 ineasquamlibetante
655 2346 747 2401 velim.

138 2420 290 2487 Quamlibet
301 2424 430 2484 invenias,
453 2425 478 2475 in
491 2440 544 2492 qua
557 2432 599 2476 tua
615 2422 700 2492 prima
712 2419 835 2492 voluptas

176 2496 291 2570 desinat:
313 2518 327 2552 a
339 2500 421 2569 prium
433 2498 552 2567 proxima
563 2498 654 2568 saunis
664 2497 723 2550 erit.

86 2579 123 2628 lto
138 2570 286 2628 Sustentata
300 2574 388 2627 l'enus
397 2572 558 2645 gratissima.
581 2572 689 2645 Frigore
698 2570 779 2636 soles,
865 2570 868 2577 ’

171 2646 230 2707 sole
240 2648 335 2707 iuvant
346 2648 475 2707 umbrae:
496 2645 759 2720 gratolitundasiti.

316 2900 373 2907 ...ὼ
