1868 2962
223 150 386 196 AMORUM
404 151 475 196 LIB.
495 151 515 197 I.
534 152 592 196 ΕΒ.
613 153 637 197 6.
754 144 803 198 ⁴37

50 252 87 307 Te
98 249 216 306 nimium
227 249 307 306 timeo
320 249 437 319 lentum;
459 250 507 306 tibi
516 250 638 308 blandior
646 255 709 324 uni3
832 268 856 310 15

87 337 132 393 tu,
154 343 200 381 me
209 342 263 397 quo
272 327 361 398 possis
370 327 493 397 perdere,
515 325 616 382 fulmen
627 328 719 385 habes,

49 401 181 474 Adspice,
202 399 250 474 (et,
272 410 302 456 ut
312 401 418 467 videas,
439 401 554 456 immitia
564 401 678 460 claustra
689 405 797 480 retexe)

87 477 142 533 ude
152 475 189 533 eit
198 484 228 532 ut
238 474 355 531 lacrimis
366 477 445 532 ianua
456 476 523 532 facta
533 477 612 532 meis.

50 552 126 608 Certe
136 568 203 626 ego,
223 569 311 624 quum
321 553 406 624 posite
417 561 501 609 stares
510 552 545 609 ed
555 554 664 608 verbera
673 564 753 622 veste,
788 563 791 571 '

87 628 123 683 ad
132 627 272 683 dominam
282 624 455 699 proteverba
467 637 593 684 tremente
604 628 664 684 tuli.
831 643 857 687 2⁰

48 703 139 778 Ergo,
159 720 230 775 quae
241 702 325 758 valuit
334 721 383 775 pro
393 711 418 758 te
427 721 537 777 quoque
546 705 632 778 gratia
641 705 789 777 quendem,

88 779 144 835 heu
154 777 275 834 facinus!
296 796 398 850 prome
409 798 482 837 nune
491 779 561 836 valet
571 780 616 835 ille
626 780 743 853 parum?

49 854 237 911 Reddeuieem
247 855 364 910 meritis:
384 855 611 930 gratclicetesse3
632 856 801 930 quodoptas.

88 930 220 1003 Tempora
229 930 314 987 noctis
324 940 403 986 eunt:
424 939 518 986 excute
527 941 600 1003 poste
610 950 707 989 seram.

49 1007 169 1062 Excute:
191 1006 232 1061 eic
241 1023 364 1078 uuquam
374 1006 441 1062 dura
455 1005 569 1062 relevere
578 1016 680 1074 catena,
833 1021 858 1064 25

89 1099 140 1139 neo
148 1081 197 1137 tibi
207 1091 335 1154 perpetuo
344 1101 421 1138 serva
430 1083 538 1137 bibatur
546 1101 627 1154 eque.

51 1159 166 1213 Ferreus
176 1167 295 1214 urentem
306 1158 503 1230 nequicquam,
525 1159 635 1225 ianitor,
656 1159 744 1215 audis.

88 1233 242 1290 Roboribus
252 1234 327 1289 duris
338 1235 419 1289 ianua
430 1233 496 1290 fulta
508 1235 585 1309 riget.

51 1309 172 1365 Urbibus
181 1309 298 1364 obsessis
308 1309 414 1364 clausae
424 1311 576 1367 munimina
586 1318 676 1383 portae

89 1393 217 1458 prosunt3
239 1385 267 1439 in
280 1385 367 1440 medic
378 1402 442 1457 pace
451 1385 519 1458 quid
528 1405 602 1443 erma
612 1385 708 1441 times?
834 1396 856 1439 3⁰

52 1460 125 1528 Quid
136 1459 234 1516 faceres
246 1460 331 1526 hosti,
353 1462 401 1532 qui
412 1459 451 1516 sic
460 1461 582 1517 excludis
595 1459 748 1516 amantem?

90 1537 220 1608 Tempora
231 1537 316 1591 noctis
326 1543 404 1591 eunt:
426 1545 519 1593 excute
528 1545 603 1608 poste
612 1553 708 1594 serem.

52 1613 112 1668 Non
122 1629 172 1687 ego
182 1610 315 1667 militibus
325 1612 553 1668 veniocomitatus
563 1620 588 1669 et
597 1612 695 1679 ermis;

90 1688 166 1744 solus
177 1705 264 1753 eram,
286 1689 308 1743 si
321 1705 374 1743 non
384 1705 480 1743 saevus
491 1687 694 1744 adessetAmor.

51 1765 131 1820 Hunc
140 1781 203 1838 ego,
224 1763 246 1817 si
257 1764 376 1835 cupiam,
398 1781 539 1836 nunquam
549 1764 682 1826 dimittere
691 1763 804 1836 possim.
835 1775 860 1817 35

90 1841 160 1896 Aute
170 1838 212 1895 vel
223 1856 237 1893 e
250 1839 378 1894 membris
387 1839 493 1895 dividar
503 1840 560 1912 ipse
570 1840 647 1895 meis.

51 1916 125 1989 Ergo
134 1914 259 1978 Am0r‚et
269 1914 702 1988 modicumcircummeetempora
711 1916 805 1970 vinum

91 2007 197 2046 mecum
208 1998 261 2055 est,
283 1999 308 2045 et
319 1990 433 2045 madidis
447 1989 519 2062 lapsa
529 2007 624 2047 corone
634 1992 728 2048 comis.

52 2068 135 2123 Arme
145 2066 285 2139 quiehaec
295 2064 403 2122 timeat?
421 2067 484 2139 quis
499 2085 552 2123 uon
562 2076 604 2122 eet
612 2067 709 2123 obvius
720 2065 792 2120 illis‘?

91 2142 408 2214 Temporanoctiseunt:
430 2153 524 2199 excute
532 2152 607 2214 peste
617 2161 714 2200 suum.
835 2148 859 2193 40

52 2219 155 2273 Lentus
164 2217 213 2273 es?
225 2235 260 2275 en
270 2235 393 2283 sumnus,
400 2217 449 2289 qui
460 2235 490 2273 ee
500 2218 569 2280 mule
577 2220 685 2291 praehet
695 2217 804 2279 ementi,

90 2294 173 2350 verba
183 2293 228 2349 det
238 2293 266 2348 in
276 2301 369 2349 ventos
378 2310 442 2348 eure
452 2293 557 2366 repulsa
569 2294 632 2351 tua?

54 2368 101 2435 At,
123 2369 251 2436 memini,
272 2368 374 2440 primo,
396 2386 482 2440 quum
494 2369 610 2425 tecelare
620 2367 747 2430 solebam,

92 2444 208 2519 pervigil
219 2445 247 2499 iu
258 2444 360 2499 mediae
370 2443 456 2498 sidera
468 2446 552 2501 noctis
563 2463 620 2499 eres

52 2522 179 2578 Forsitan
187 2530 215 2577 et
224 2530 312 2575 tecum
325 2528 370 2574 tua
379 2536 452 2575 nunc
461 2521 604 2594 requiescit
612 2517 711 2587 amice.
839 2525 869 2570 tu

90 2598 165 2661 Heu,
186 2593 390 2667 metiorquentc
399 2605 602 2657 soretuaeerte
609 2613 676 2655 meu
683 2595 744 2653 eeu.

47 2669 197 2729 Dummodo
204 2670 254 2737 sio,
276 2671 306 2727 in
315 2689 365 2731 me
373 2672 463 2737 durae
476 2677 603 2739 transite
612 2684 745 2738 cuteuee.
