1868 2962
140 186 189 239 661
320 189 351 234 1³.
378 151 696 235 ov1n11na's0n1s

138 295 197 348 Non
208 288 283 345 facile
292 297 332 345 est
340 298 448 345 taurum
458 289 516 344 visa
526 287 640 344 retinere
648 288 777 346 iuventa:

176 365 250 421 fortis
261 381 349 436 equus
357 365 431 420 visae
439 380 545 436 semper
554 363 681 419 adhinnit
691 381 786 438 aquae.

84 456 123 499 666
138 443 207 496 11666
218 438 267 494 ubi
277 438 452 512 praestiteris,
472 445 503 494 ut
512 437 618 494 tandem
631 438 720 496 littora
729 448 829 514 tangas,

176 533 230 570 non
240 515 327 586 ipsam
338 515 402 570 satis
412 522 453 568 est
460 513 611 568 deseruisse
620 513 681 571 tihi.

138 592 173 646 Et
182 608 266 656 soror,
287 597 313 645 61
322 596 406 645 mater
417 588 533 655 valeant,
554 596 580 644 et
589 589 697 645 6666616
707 589 812 645 nutrix:

177 674 203 720 et
212 665 339 737 quisquis
349 663 472 720 dominae
484 681 547 736 pars
557 663 607 719 erit
616 663 672 721 ulla
682 673 753 720 tuae.

139 743 194 797 Nec
204 741 295 796 veniet
304 757 409 805 servus,
431 738 556 795 necflens
567 738 694 796 ancillula
704 740 797 796 fietrnn

76 827 124 876 616
176 815 331 890 suppliciter
339 815 463 871 dominae
473 815 581 872 nomina
590 814 671 882 dicat,
691 816 759 872 Ave.
782 848 786 856 .

140 894 208 958 Nec,
229 892 252 947 si
263 890 422 956 sairevoles,
444 889 584 965 quidagat
596 895 684 946 tamen
695 890 753 959 illa,
773 891 872 966 rogabis.

178 966 280 1022 Perfer:
301 967 351 1022 erit
361 965 435 1021 lucro
445 964 537 1040 lingua
549 973 647 1021 retenta
659 983 720 1022 suo.

141 1045 182 1098 Tu
191 1059 313 1116 quoque,
335 1041 383 1115 qui
393 1058 517 1097 caussam
527 1041 596 1096 finiri
606 1041 695 1096 reddis
705 1042 812 1105 amoris,

177 1118 264 1191 deque
274 1126 320 1173 tua
328 1116 438 1185 domina
447 1115 532 1172 multa
542 1115 677 1190 querenda
687 1116 784 1186 refers3

86 1202 125 1249 616
140 1193 318 1266 persequeri:
340 1190 658 1248 meliussicteulciseere
667 1191 791 1260 taeend03

177 1268 244 1323 dum
254 1266 392 1322 desideriis
401 1265 492 1322 ellluat
501 1265 546 1322 illa
556 1267 622 1322 tuis.

139 1336 161 1398 E
165 1351 174 1397 t
182 1340 275 1396 malim
286 1349 385 1407 taeeas,
405 1359 489 1470 apuam
500 1350 525 1396 te
536 1341 637 1396 desisse
647 1340 778 1414 loquaris.

178 1415 470 1484 Quinimiummutis,
492 1418 551 1474 Non
562 1435 632 1483 amo,
653 1417 732 1487 dicit3
754 1427 831 1474 amat.

141 1493 193 1549 Sed
202 1491 310 1550 meliore
320 1492 371 1548 fide
379 1492 510 1566 paulatim
523 1493 691 1568 extinguitur
700 1492 784 1568 ignis,

87 1582 126 1624 666
178 1568 370 1641 quamsubito.
401 1570 483 1624 Lente
491 1567 598 1637 desine;
619 1575 695 1623 tutus
704 1569 768 1623 eris.

141 1642 267 1699 Flumine
275 1652 402 1716 perpetuo
411 1646 513 1699 torrens
523 1641 590 1698 solet
597 1641 679 1698 altius
692 1643 747 1712 ira,

179 1718 226 1773 sed
235 1727 324 1773 tamen
336 1718 400 1774 haee
410 1718 499 1775 brevis
509 1726 559 1783 661,
580 1716 626 1773 1116
636 1719 763 1791 perennis
773 1735 847 1791 aqua.
859 1775 862 1782 ,

141 1791 236 1858 Fallat,
256 1804 282 1848 et
291 1792 320 1848 in
330 1801 422 1849 tenues
432 1793 563 1849 evanidus
574 1801 650 1850 exeat
658 1812 749 1861 auras,

178 1886 280 1941 perque
322 1868 389 1924 adus
402 1868 496 1924 molles
507 1870 652 1925 emoriatur
661 1887 747 1926 amor.

88 1958 126 2000 666
141 1943 282 2001 Sedmodo
311 1943 413 2001 'lectam
423 1943 511 2000 666166
521 1944 802 2019 astodissapuellam:

179 2019 267 2075 exitus
277 2019 393 2094 ingeniis
403 2020 527 2076 eonvenit
536 2019 586 2075 iste
598 2018 670 2075 ieris.

143 2095 212 2173 [Non
223 2112 316 2150 curare
325 2103 424 2150 661661.
453 2093 521 2150 Odio
532 2094 580 2167 qui
590 2094 650 2151 linit
658 2112 788 2161 amorem,

179 2179 226 2226 aut
236 2177 321 2236 amat,
341 2177 389 2224 aut
397 2187 475 2244 aegre
484 2170 588 2225 desinet
599 2187 658 2226 6666
668 2168 773 2247 misen]

143 2249 242 2319 Turpe,
254 2245 296 2302 vir
306 2253 331 2300 et
341 2243 448 2311 mulier,
459 2246 543 2300 iuneti
552 2246 642 2311 modo,
652 2247 777 2317 protinus
787 2245 877 2302 hostesz

89 2335 127 2377 666
181 2340 234 2378 non
245 2322 310 2376 istas
321 2320 379 2375 lites
390 2319 490 2393 Appias
501 2321 558 2392 ipsa
569 2321 673 2393 probat.

142 2396 226 2468 Saepe
235 2394 417 2459 reaslaciunt,
437 2403 572 2450 sternant.
602 2396 654 2450 Ubi
665 2394 740 2452 nulla
750 2394 867 2451 simultas

181 2470 284 2536 incidit,
305 2470 443 2526 admonitu
453 2468 519 2524 liber
529 2471 633 2527 aberrat
641 2478 727 2527 arnor.

143 2546 220 2601 Forte
233 2545 340 2600 aderam
353 2546 459 2602 iuveni:
479 2544 618 2602 dominam
628 2545 720 2602 lectica
728 2546 845 2602 tenebat:

175 2619 325 2680 horrebant
333 2622 423 2681 saetis
432 2620 616 2680 arnniaaerlia
623 2622 719 2676 minis.

70 2711 115 2758 666
131 2702 249 2780 lemque
261 2701 431 2771 vadaturus,
449 2696 562 2755 aaran
568 2695 698 2766 prodent
711 2693 817 2757 166666.
