1868 2962
146 155 194 208 184
333 160 363 205 Ρ.
385 159 513 206 OVIDII
531 158 698 206 NASONIS

143 262 291 329 Desierant3
311 260 400 333 coepi:
420 261 470 314 Per
479 277 527 316 vos
537 267 680 334 utramque
689 279 827 337 rogemus,

181 337 209 392 in
220 353 319 391 vacuas
329 353 406 391 aures
417 335 496 391 verba
508 336 625 390 timentis
636 345 708 393 eant.

126 416 129 423 '
144 411 231 468 Altera
242 429 284 466 me
294 420 396 484 sceptro
405 411 522 477 decoras,
543 411 649 484 altoque
658 413 805 470 cothurno:

181 487 244 561 (iam
258 504 330 542 nunc
339 493 471 543 contracto
480 503 596 561 magnus
610 488 638 542 in
649 505 693 543 ore
703 505 789 544 sonus
797 488 814 562 z)

90 575 116 618 ef·
145 563 225 618 altera
236 561 284 618 des
295 571 384 618 nostro
394 562 529 617 victurum
542 579 640 618 nomen
653 564 750 619 emori.

181 639 253 712 Ergo
261 637 338 703 edes,
361 637 439 692 etlcn
460 637 482 692 's
493 637 617 692 versibus
627 637 695 694 adde
704 639 811 694 breves.

144 714 282 788 Exiguum
292 714 346 768 vati
357 729 422 769 conc
455 729 483 778 e,
505 712 664 786 Tragoedia,
687 724 806 787 tempus.

183 790 224 850 Tu
235 788 308 844 labor
320 796 457 843 aeternus:
478 788 551 860 quod
560 788 625 859 petit
635 787 695 854 ille,
716 789 830 845 breveee

147 866 215 921 Mota
225 863 297 919 dedit
306 864 423 920 veniam.
452 863 545 918 Teneri
557 872 734 936 properentur
743 882 830 922 emere

92 952 118 994 το
183 940 249 995 dum
260 946 348 1008 vacat;
369 947 468 1013 etergc
477 938 607 1013 grandius
617 948 695 1014 urget
703 958 784 1012 opus.

273 1080 685 1172 ''ELEGIAIL

147 1227 213 1291 Non
223 1253 271 1310 ego
281 1233 412 1290 nobilium
423 1235 501 1291 sedeo
510 1243 639 1308 spectator
648 1253 797 1308 equorum:

184 1310 228 1365 cui
239 1318 326 1366 tamen
337 1309 395 1382 ipse
408 1309 491 1374 faves,
511 1312 601 1367 vincat
610 1319 640 1366 ut
651 1311 696 1367 ille
705 1326 809 1384 precor.

148 1386 181 1441 Ut
191 1385 312 1458 loquerer
321 1393 420 1454 tecum,
438 1387 511 1451 veni,
530 1397 673 1459 tecumque
685 1387 822 1444 sederem:

186 1461 341 1518 netibinon
353 1469 448 1528 notus,
467 1479 550 1535 quem
559 1460 635 1527 facis,
656 1471 726 1517 esset
736 1482 822 1520 amor,

57 1562 59 1569 v
95 1549 106 1591 5
148 1536 189 1593 Tu
198 1555 294 1593 cursus
304 1546 420 1611 spectes,
441 1555 491 1612 ego
500 1545 535 1592 te.
564 1536 830 1612 Spectemusuterqu

185 1614 258 1686 quod
268 1615 350 1678 iuvet,
371 1611 830 1686 atqueoculospascetuterquesut

148 1687 332 1759 Ocuicunque
342 1687 429 1754 faves,
450 1687 515 1743 felix
524 1688 635 1762 agitator
646 1692 794 1760 equorum!

185 1764 256 1836 Ergo
265 1762 304 1816 illi
315 1780 394 1817 curae
407 1763 518 1837 contigit
527 1781 585 1818 esse
594 1771 665 1818 tuae.

149 1840 202 1892 Hoc
212 1838 438 1912 mihicontingat3
460 1837 690 1894 sacrodecarcerc
698 1840 793 1895 missis

95 1924 120 1966 10
186 1913 308 1968 insistam
319 1913 378 1969 forti
389 1920 477 1968 mente
485 1913 623 1969 vehendus
633 1915 727 1985 equis:

149 1994 174 2043 et
183 1988 261 2043 modo
272 1987 326 2043 lora
338 1988 423 2055 dabo,
447 1988 526 2045 modo
535 1989 644 2043 verbere
653 1997 728 2064 terga
738 1991 830 2046 neceb<

186 2080 259 2118 nunc
271 2063 402 2137 stringam
412 2072 496 2119 metas
509 2063 633 2120 interiore
645 2072 712 2119 rota.

149 2139 177 2194 Si
186 2138 254 2193 mihi
264 2140 380 2193 currenti
392 2138 475 2194 fueris
484 2148 634 2210 conspecta,
654 2141 791 2207 morabor,

186 2215 272 2286 deque
282 2214 349 2268 meis
362 2215 489 2270 manibus
499 2214 553 2270 loca
564 2215 676 2271 remissa
686 2214 781 2272 fluent.

95 2300 120 2342 15
149 2291 191 2346 Ah
204 2307 286 2363 quem
296 2306 379 2361 paene
388 2289 481 2362 Pelops
492 2290 582 2344 Pisaea
593 2290 708 2345 concidit
717 2291 806 2359 hasta,

186 2366 252 2421 dum
262 2365 473 2437 spectatvultus‚
494 2366 680 2437 Hippodamia,
702 2367 778 2423 tuos!

149 2441 251 2513 Nempe
261 2439 348 2496 favore
359 2458 423 2495 suae
432 2441 496 2496 vicit
505 2451 593 2496 temen
605 2440 649 2496 ille
662 2442 777 2513 puellae.

61 2523 63 2526 '
187 2517 333 2572 Vincamus
343 2516 466 2572 dominae
475 2518 592 2589 quisque
601 2516 691 2572 favore
700 2536 775 2574 suae.

143 2590 218 2662 Quid
227 2593 330 2652 frustra
341 2589 458 2672 refugis?
488 2592 624 2669 chiecce
635 2591 705 2647 linea
714 2594 805 2668 iungi.

70 2681 100 2724 20
170 2672 250 2732 Haec
258 2692 295 2732 ex
307 2674 367 2754 lege
382 2673 436 2733 loci
445 2667 797 2730 cemmeceffixxecehem.
