1868 2962
166 79 330 126 Amorum
348 81 421 125 nin.
440 81 473 126 11.
493 82 551 127 nn.
566 83 599 127 12
709 74 753 128 575

44 181 118 235 imus
128 197 178 254 ego
188 174 333 252 adspiciam
344 188 433 236 notum
444 181 476 236 de
485 181 570 238 littore
581 186 705 257 puppim,

46 263 72 309 55
81 256 186 322 dicam,
208 257 316 313 Nostros
327 256 434 312 advehit
443 256 493 311 ista
501 257 579 323 deos:

43 331 339 404 cipiumquehumeris¹
355 340 381 386 55
389 331 475 386 mulla
486 332 545 387 sine
553 332 644 390 ordine
652 352 759 408 carpam
788 341 814 390 55

47 405 151 461 osenla.
181 407 232 462 Pro
241 406 327 462 reditu
337 406 447 462 victima
455 416 516 463 vota
526 407 607 463 cadet.

43 499 97 554 que
107 481 159 538 tori
172 480 284 557 formam
294 481 388 538 molles
401 490 553 538 sternentur
562 500 668 540 arenae:

48 574 100 628 pro
109 574 202 612 mensa
211 557 334 613 tumulus
345 558 459 630 quilibet
467 577 525 614 esse
533 565 629 631 potest.

45 633 70 686 ie
79 633 201 704 apposito
211 634 332 688 narrabis
341 633 426 688 multa
436 634 533 708 Lyaeo,

49 725 136 779 paene
145 708 181 762 sit
189 715 220 763 ut
228 708 324 763 mediis
334 708 429 764 obruta
441 710 519 765 navis
529 709 622 782 aquis:
662 728 664 732 ’
790 722 815 763 5ο

43 799 136 856 imque
155 782 188 837 ad
207 801 250 838 me
268 801 408 857 properas,
430 803 478 840 nee
497 784 607 858 iniquae
624 792 742 857 tempera
765 814 768 823 ·

115 875 119 881 ·
551 860 645 926 noctis,

51 933 301 1006 nectepraeeipites
311 934 468 997 extimuisse
476 936 567 990 Notos.

43 1009 113 1064 mnia
122 1027 171 1081 pro
179 1010 250 1064 veris
260 1009 380 1075 credam,
401 1010 457 1064 sint
465 1009 526 1064 licta
534 1009 632 1065 licebit.
700 1053 701 1056 η

51 1084 108 1141 Cur
117 1101 166 1157 ego
176 1102 230 1139 non
241 1083 443 1142 votis.blnndinr
452 1084 510 1156 ipse
519 1083 605 1140 meis?

43 1170 84 1215 ree
93 1159 161 1214 mihi
175 1161 378 1232 quamprimum
388 1158 459 1216 coelo
468 1160 649 1216 nitidissimus
659 1159 711 1218 alle
791 1172 816 1214 55

51 1234 159 1290 Lucifer
168 1235 287 1291 admisso
297 1239 414 1307 tempora
426 1244 512 1309 portet
520 1254 599 1310 equo.

208 1414 451 1472 ELEGIA
491 1415 571 1469 ΧΠ.

42 1553 57 1590 5
70 1534 247 1607 triumphales
257 1536 359 1590 circum
369 1551 428 1589 mea
440 1540 557 1605 tempora
569 1532 646 1588 lauri.

54 1611 190 1668 Vicimus:
211 1611 240 1666 in
254 1618 344 1667 nostro
353 1618 393 1666 est
404 1627 464 1686 eece
473 1609 588 1666 Corinna
601 1610 674 1675 sinu,

43 1704 100 1742 ram
110 1686 167 1751 vir,
188 1704 270 1759 quam
282 1695 387 1754 eustos,
407 1703 489 1759 quam
501 1685 581 1740 ianua
594 1685 685 1753 firma,
706 1695 743 1743 tot

553 1760 652 1826 hostes,

54 1836 209 1903 servabant,
231 1854 264 1892 ne
274 1855 328 1909 qua
340 1844 430 1909 posset
442 1837 476 1891 ab
489 1843 543 1891 arte
555 1836 623 1907 cepi.

43 1930 86 1968 aee
95 1919 136 1967 555
145 1913 287 1984 praecipuo
297 1912 406 1968 victoria
416 1912 498 1985 digna
508 1911 654 1983 triumpho,

53 1988 83 2044 in
94 2006 158 2060 qua,
179 2005 356 2060 quaecunque
368 1994 417 2052 est,
432 1986 563 2061 sanguine
575 1987 672 2059 praeda
682 1995 761 2041 caret.

43 2082 77 2119 on
86 2063 204 2120 humiles
214 2063 300 2128 muri,
321 2080 375 2118 non
385 2062 476 2135 parvis
488 2063 583 2135 oppida
597 2062 676 2119 fossis

54 2139 155 2205 cinctu,
176 2139 272 2193 sedest
281 2138 362 2193 ductu
372 2145 447 2210 cepta
456 2137 545 2210 puella
554 2155 623 2193 meo.
760 2194 763 2200 ,

43 2231 146 2288 ergama
155 2231 242 2287 quum
251 2212 373 2268 caderent
384 2212 454 2269 hello
465 2221 587 2286 superate
603 2210 708 2266 bilustri
719 2230 724 2279 3

54 2297 148 2355 extol,
170 2290 198 2344 in
208 2287 300 2344 Atrida'
309 2306 372 2360 pars
382 2296 463 2360 quota
475 2287 562 2344 laudis
572 2285 645 2341 erat?
794 2299 819 2342 1⁰

42 2373 120 2420 tmen
130 2366 243 2437 seposita
253 2371 294 2418 est
306 2372 331 2418 et
343 2364 377 2419 ab
386 2366 461 2420 omni
470 2364 555 2418 milite
563 2362 664 2416 dissum

54 2438 154 2514 gloria:
176 2457 224 2494 nee
233 2438 343 2493 titulum
353 2439 473 2494 muneris
484 2438 548 2493 alter
557 2435 645 2491 habel.

43 2516 60 2570 Je
70 2514 138 2571 duce
150 2513 184 2569 ad
194 2514 263 2569 hanc
272 2513 326 2569 voti
336 2513 433 2583 linem,
453 2531 499 2570 me
507 2510 596 2569 milile
602 2511 686 2569 ueni·⁸

47 2590 210 2657 mseeqnes,
232 2591 293 2661 ipse
297 2591 402 2665 pedes,
429 2588 689 2672 signileripeelui.
