1868 2962
90 139 296 186 eunomus,
320 141 376 189 Ee.
391 142 446 189 ΧΗ.
561 212 564 225 '
606 134 641 190 57

34 259 52 294 rs
62 239 150 306 solidi,
171 248 358 314 praetentaque
367 242 479 299 naribus
488 261 563 300 aera:

34 333 66 371 er
79 314 184 370 aissatus
194 316 259 371 haee
267 334 376 389 quoque
388 317 455 374 facta
463 335 537 375 suos.

34 398 160 452 raeterea.·
176 391 289 464 populos
301 393 434 466 genitura,
454 394 555 450 iuberis
605 412 610 419 ¹
669 401 695 450 45

34 484 58 521 re
68 466 161 521 devota
172 467 223 522 iata
235 485 283 539 per
292 485 355 522 arva
368 485 461 534 manu,

34 541 146 597 rntnntis
156 559 247 597 secum
258 550 303 598 tua
313 560 423 615 corpora
433 543 501 599 telis.

34 626 48 672 ⁴t
57 616 186 690 agrieoiae
195 618 291 672 messis
302 619 396 690 iniqua
408 635 468 674 suo.

36 692 148 757 maedis,
169 693 342 747 succumbere
353 693 440 748 nescia
450 710 554 759 sumno,

34 773 95 822 sest
104 767 193 840 aliqua
204 767 323 841 decipere
333 777 387 823 arte
397 768 481 823 labor.
670 781 695 825 su

35 845 116 897 eetes:
138 843 230 897 moesti
240 845 401 918 consurgitis
410 860 518 899 omnes:

35 935 79 991 {ue
88 935 237 989 purpureos
245 918 341 973 deserit
350 918 401 974 alta
410 926 491 975 turns.

35 995 41 1048 i
51 1001 115 1048 tunc
127 993 204 1067 longe
213 1011 326 1067 regnum
336 994 421 1050 dotale
431 995 553 1060 Creusae,

35 1087 50 1134 ·‚
72 1077 97 1123 et
107 1067 197 1142 magni
208 1076 269 1123 nata
279 1069 399 1125 Creontis
408 1067 501 1125 erant?

36 1144 68 1199 is.
108 1143 199 1199 Oculis
209 1145 350 1199 abeuntem
362 1161 508 1217 prosequor
517 1144 593 1200 udis:
671 1156 697 1199 55
735 1211 739 1219 ι

45 1220 118 1274 tenui
128 1236 267 1274 murmure
278 1219 379 1294 lingua,
400 1219 473 1276 Vale.

35 1313 57 1349 m
67 1295 140 1369 tetigi
150 1294 266 1350 thalamo
275 1295 344 1351 male
352 1294 442 1351 saucia
453 1294 561 1356 lectum,

35 1380 95 1441 :per
105 1370 227 1425 lacrimas
237 1389 290 1427 nox
301 1372 378 1438 mihi,
399 1372 499 1443 quanta
511 1369 571 1426 fuit.

35 1464 64 1501 os
74 1447 198 1517 taurique
210 1454 308 1513 truces,
329 1454 484 1521 segetesque
496 1444 639 1515 nefanda03

35 1539 77 1577 eos
87 1521 177 1578 oculos
188 1522 300 1596 pervigil
312 1523 408 1595 anguis
421 1527 486 1575 erat.
672 1533 698 1577 su

37 1616 64 1663 r,
85 1597 149 1653 hine
158 1598 237 1651 timor
247 1605 297 1652 est.
336 1599 429 1669 Ipsum
439 1596 518 1650 timor
527 1602 607 1671 auget

433 1687 560 1726 amorem.

35 1756 86 1815 rat,
108 1755 133 1804 et
142 1747 258 1804 thalamo
268 1765 326 1802 cara
337 1754 439 1819 recepta
448 1764 531 1812 soror,

37 1842 90 1897 que
99 1841 187 1881 comas
198 1841 344 1895 aversaque
353 1828 382 1878 in
393 1840 439 1879 ora
449 1823 577 1880 iuuentem

35 1908 94 1966 et
104 1899 220 1955 lacrimis
229 1916 319 1955 omnia
328 1897 407 1970 plena
417 1915 494 1954 mers

35 1977 174 2062 nMinyis:
194 1975 260 2047 petit
268 1973 358 2038 altera
378 1981 404 2028 et
416 1973 496 2030 altera
506 1974 623 2030 habebrt
673 1983 699 2027 σε

36 2051 162 2115 oiuveni‚
183 2016 405 2122 quodrogatilla‚
426 2049 532 2105 damus.

35 2146 52 2181 :s
63 2134 89 2181 et
97 2126 179 2197 piceis
189 2134 215 2180 et
224 2124 365 2180 frondibus
375 2092 444 2179 ilicis
454 2133 557 2180 atrum:

34 2203 61 2256 1d
71 2201 152 2256 radiis
165 2200 229 2256 solis
239 2199 312 2255 adire
322 2199 390 2255 lieet.

36 2296 55 2343 n,
77 2277 234 2348 inerantque
242 2276 299 2341 diu,
320 2274 549 2331 delubraDianae:

36 2353 171 2407 barbarica
180 2359 231 2406 stat
240 2351 287 2406 dea
298 2350 364 2406 sacta
374 2368 468 2406 manu
668 2359 700 2402 -70

36 2448 58 2482 in
68 2427 223 2483 exciderunt
232 2444 337 2482 mecum
348 2425 423 2482 loca?
440 2423 570 2481 Venimus
584 2409 662 2492 iilu03

36 2503 112 2559 sins
114 2503 180 2558 do
158 2521 196 2558 sic
207 2521 279 2574 prior
289 2520 333 2558 ore
343 2501 432 2572 loqur
561 2556 564 2563 ,

36 2587 41 2633 a
50 2578 191 2634 arbitrium
202 2586 305 2634 nostrae
314 2578 433 2633 Fortuna
444 2573 543 2633 suiuus

36 2663 42 2689 *
40 2654 155 2728 ,inque
165 2663 209 2712 rua
220 2665 262 2714 est
272 2656 649 2735 vitequexuersuuexnauu
