1874 3030
259 163 471 211 Eunomus.
499 164 557 211 ΕΡ.
573 166 606 211 V.
774 164 806 217 23

57 268 118 323 Non
127 264 195 321 satis
204 263 234 319 id
243 263 340 320 luerat:
362 264 438 337 (quid
447 264 519 321 enim
529 264 628 322 luriosa
638 267 786 339 morabarl)

93 340 222 396 haerebat
230 340 332 414 gremio
341 339 428 412 turpis
437 340 522 395 amica
532 348 586 397 tuo.
834 354 861 398 ro

58 418 135 472 Tunc
143 432 209 471 vero
218 415 333 488 rupique
342 414 418 470 sinus
427 423 453 470 et
461 422 565 487 pectora
574 415 676 488 planxi,

94 499 123 547 ct
131 490 206 546 secui
216 490 336 546 madidas
344 507 436 565 ungue
445 492 546 564 rigente
558 509 653 564 genas:

58 565 226 639 implevique
235 582 337 621 sacram
346 564 467 638 querulis
477 564 626 621 ululatibus
636 567 709 621 lden.

96 640 176 697 Illinc
184 640 234 695 has
245 640 367 696 lacrimas
377 641 406 696 in
415 658 474 697 mea
483 660 547 697 saxa
557 640 617 696 tuli.

58 718 104 774 Sic
112 715 211 772 llalene
220 714 314 783 doleat,
326 716 482 789 desertaque
492 717 606 790 coniuge
615 716 711 789 ploret,
836 731 861 772 aa

97 809 222 865 quaeque
230 792 304 863 prior
313 791 391 846 nohis
401 791 501 857 intulit,
512 792 571 864 ipsa
580 791 654 846 ierat.

59 870 139 923 Nunc
147 866 197 921 tibi
206 865 377 932 conveniunt,
388 883 457 938 quac
469 874 548 939 teper
558 876 646 940 aperta
661 875 807 940 sequantur

62 989 64 994 .
97 959 223 1015 aequora,
235 940 366 1016 legitimos
376 941 663 1014 destituantqueviros.

60 1017 94 1073 lt
103 1034 190 1090 quum
199 1032 302 1089 pauper
310 1034 379 1084 eras,
389 1025 562 1090 armentaque
570 1026 660 1090 pastor
669 1019 776 1093 agebas,

97 1092 183 1158 nulla,
194 1091 248 1148 nisi
257 1090 374 1159 Oenone,
385 1093 510 1165 pauperis
518 1111 586 1148 uxor
595 1100 658 1148 erat.
836 1106 861 1148 80

60 1170 119 1225 Non
131 1185 181 1243 ego
190 1168 273 1224 miror
281 1184 355 1241 opes,
368 1185 417 1223 nec
426 1185 469 1222 me
478 1176 524 1223 tua
534 1169 606 1242 regia
617 1169 709 1242 tangit,

98 1259 148 1300 neo
156 1243 190 1298 de
198 1250 236 1299 tot
244 1243 343 1298 Priami
356 1242 429 1299 dicar
438 1250 469 1299 ut
477 1261 531 1299 una
542 1261 642 1299 nurus:

61 1338 114 1377 non
124 1327 215 1375 tamen
223 1326 255 1375 ut
263 1318 385 1374 Priamus
395 1319 535 1394 Nymphae
545 1337 618 1374 socer
627 1336 685 1374 esse
694 1327 805 1383 recuset,

97 1401 145 1450 aut
154 1393 277 1450 Hecubae
285 1393 381 1450 fuerim
392 1393 586 1449 dissimulanda
597 1412 691 1450 nurus.

60 1471 91 1525 Di
130 1487 202 1542 aque
210 1487 282 1536 sum,
292 1476 319 1524 et
327 1468 407 1541 cupio
416 1469 472 1524 fieri
482 1476 601 1525 matrona
611 1471 736 1542 potentis.
837 1482 862 1525 aa

117 1553 167 1601 unt
176 1544 255 1611 mihi,
265 1562 334 1617 quas
343 1544 447 1617 possint
456 1552 558 1616 sceptra
566 1543 667 1610 deoera,
679 1563 785 1601 manus.

61 1622 115 1677 Nec
123 1638 177 1687 me,
188 1619 293 1695 faginea
302 1619 375 1692 quod
385 1626 473 1675 tecum
483 1618 576 1676 fronde
584 1620 711 1686 iacebam,

98 1696 221 1768 despire:
242 1712 377 1768 purpureo
386 1713 448 1750 sum
461 1695 549 1770 magis
559 1703 620 1768 apta
630 1704 695 1752 toro.

61 1771 192 1843 Denique,
202 1777 277 1826 tutus
287 1789 361 1828 amor
370 1789 446 1831 maus
459 1778 499 1826 est
508 1770 570 1838 tibi3
593 1770 667 1826 nulla
677 1780 803 1844 parantur

97 1846 178 1911 balla,
190 1863 240 1901 neo
248 1845 355 1902 ultrices
364 1846 471 1903 advehit
480 1846 553 1901 unda
563 1854 641 1902 rates.
836 1858 862 1899 ao

62 1922 194 1996 Tyndaris
203 1919 306 1977 infestis
316 1920 428 1997 fugitiva
437 1922 582 1994 reposcitur
592 1921 683 1978 armis.

98 1999 153 2052 llac
162 1996 237 2052 venit
246 1997 275 2052 in
284 1997 413 2054 thalamos
423 1997 482 2054 dota
494 1998 608 2069 superba
617 2006 687 2055 tuos.

62 2072 136 2140 Quae
144 2073 168 2127 si
180 2072 216 2126 sit
225 2072 321 2128 Danais
331 2072 473 2140 reddenda,
484 2072 526 2128 vel
537 2075 644 2130 Hectora
655 2073 772 2141 fratrem,

97 2146 141 2203 vel
151 2164 215 2202 cum
223 2148 359 2220 Deiphobo
371 2147 559 2222 Polydamanta
568 2168 641 2224 roga.

62 2222 133 2290 Quid
142 2222 233 2297 gravis
243 2223 370 2289 Antenor,
381 2224 503 2278 Priamus
515 2224 582 2296 quid
591 2231 695 2280 censeat
705 2224 771 2294 ipsc,
837 2236 862 2279 aa

98 2297 218 2365 consula,
230 2302 293 2372 quis
303 2305 373 2354 aetas
383 2298 461 2372 longa
471 2299 596 2373 magistra
606 2299 666 2355 luit.

63 2372 151 2445 Turpe
161 2372 355 2440 rudimentum,
366 2373 466 2446 patriae
475 2392 636 2448 praeponere
644 2381 756 2445 raptam.

100 2448 201 2505 Caussa
211 2447 335 2521 pudenda
344 2455 389 2504 tua
398 2456 451 2518 est;
473 2449 543 2505 iusta
552 2450 595 2506 vir
604 2466 677 2505 arma
688 2457 785 2505 movet.

62 2524 116 2580 Neo
125 2522 185 2591 tibi,
195 2524 219 2580 si
229 2524 327 2597 sapias,
339 2524 423 2580 fidam·
430 2525 552 2596 promitte
561 2526 716 2592 Lacaenam,

99 2599 251 2673 quaesitio
261 2599 401 2672 amplexus
410 2608 464 2656 tam
474 2600 525 2658 cito
534 2618 610 2657 versa
620 2607 689 2656 tuos.
824 2613 862 2653 roo

62 2675 97 2733 Ut
105 2676 195 2733 minor
204 2674 309 2734 Atrides
319 2677 436 2733 temerati
446 2675 551 2735 foedera
560 2674 621 2732 lecti
