1868 2962
155 161 185 206 1².
208 120 712 210 ouru.uas.uau1uur1cou.
758 159 807 211 aas

59 259 185 318 inficiens
194 276 294 332 aequor
302 259 411 334 nigrum
420 261 505 317 vomit
513 278 558 316 ora
567 279 698 330 cruorem,
837 277 861 320 2⁰

59 334 210 407 avertitque
217 334 291 399 vias,
311 333 402 391 oeulos
412 334 535 390 frustrata
545 345 695 408 sequentes.

59 409 178 467 Clausus
187 416 242 464 rete
250 409 353 482 Lupus,
374 411 499 482 quamvis
509 409 748 480 immanisetaoer‚

59 484 170 540 dimotis
181 483 266 540 cauda
275 484 429 541 submissus
442 485 506 540 sidit
514 485 612 541 arenis.

62 599 559 617 ........................
570 578 688 616 mauras

59 635 172 700 emicet,
192 641 273 706 atque
282 633 356 690 dolos
366 632 437 690 saltu
449 633 552 691 deludit
563 634 682 690 inuitus:
836 648 861 691 25

59 719 85 766 et
94 710 223 766 Muraena
232 708 305 764 ferox
314 709 402 764 teretis
411 708 464 764 sibi
473 709 578 766 conseia
588 711 664 784 tergi,

59 784 95 840 ad
107 783 194 840 laxata
204 784 292 858 magis
300 800 428 839 conversa
438 783 568 840 foramina
581 786 654 851 retis,

60 859 170 915 tandem
180 876 227 931 per
241 857 341 914 multos
350 858 439 914 evadit
449 859 550 914 lubrica
559 858 655 925 flexus,

42 968 44 973 ·
59 934 238 1006 exemploque
247 951 344 989 nocens
354 934 458 991 cunetis
468 934 609 991 intervenit
619 954 682 991 una.

60 1011 95 1066 At
104 1017 195 1066 eontra
204 1008 321 1080 seopulis
331 1008 425 1065 crinali
434 1027 542 1082 corpore
552 1013 642 1084 segnis
836 1022 861 1065 aa

60 1082 180 1159 Polypus
188 1084 287 1151 haeret,
308 1091 334 1138 et
342 1084 393 1139 hac
402 1084 485 1139 eludit
494 1086 558 1140 retia
568 1085 668 1150 fraude,

59 1168 86 1215 et
95 1160 148 1215 sub
158 1159 215 1233 lege
224 1157 274 1214 loci
284 1159 368 1214 sumit
376 1167 515 1232 mutatque
523 1159 645 1225 colorem,

59 1252 167 1308 semper
176 1235 199 1290 ei
209 1234 318 1300 similis,
332 1252 414 1307 quem
424 1235 542 1310 contigit.
573 1234 660 1366 quue
669 1235 717 1292 ubi
730 1252 807 1307 praa-

614 1328 657 1366 am

59 1384 221 1459 pendentem
230 1385 293 1441 setis
301 1384 398 1442 uvidus
410 1385 488 1457 rapit,
509 1385 554 1440 hie
566 1403 673 1458 quoque
683 1385 751 1442 fallit

60 1462 129 1518 elato
137 1461 253 1528 calama,
272 1479 360 1534 quum
368 1461 478 1515 demum
488 1478 607 1515 emersus
618 1463 646 1516 in
656 1479 735 1516 auras
836 1473 861 1516 35

60 1535 311 1602 brachiadissolvit‚
332 1534 546 1608 populatumqua
555 1537 662 1606 exspuit
673 1536 794 1591 hamum.

60 1614 96 1669 At
104 1611 190 1686 uugi}
200 1611 282 1666 cauda
292 1611 452 1683 pendentem
461 1611 596 1666 everberat
606 1627 703 1677 eseam,

60 1703 257 1759 excussumque
267 1685 340 1761 legit.
368 1687 463 1759 Lupus
476 1686 528 1742 acri
539 1687 659 1742 concitus
669 1686 717 1751 ira,

61 1764 189 1820 discursu
197 1760 280 1818 fertur
289 1762 373 1830 varie,
393 1761 545 1835 fluctusque
554 1761 666 1819 ferentes

61 1837 411 1912 prosequitur‚quassatqua
419 1837 583 1910 eaput‚dum
592 1837 703 1894 vulnere
711 1856 807 1893 saevus
837 1845 861 1892 tu

61 1912 349 1979 lampredarum,
368 1920 395 1968 et
403 1930 448 1968 ora
457 1913 573 1985 patentia
582 1912 696 1985 linquat.

61 1991 117 2047 Nee
125 1989 246 2061 proprias
256 1988 326 2044 vires
336 1988 421 2044 nescit
429 1988 556 2045 Muraena
566 1988 691 2044 nocendi:

61 2064 217 2136 auxilioque
226 2063 289 2129 sibi,
310 2082 402 2121 morsu
414 2081 461 2119 nec
470 2063 656 2120 eominusacri

61 2140 160 2205 deficit,
181 2146 228 2195 aut
238 2139 342 2195 animus
351 2139 428 2212 ponit
436 2141 540 2211 captiva
550 2140 677 2196 minaces.

60 2214 238 2280 Anthiashis‚
260 2222 332 2288 tergo
345 2231 415 2288 quas
427 2232 481 2271 uon
491 2215 572 2281 rudet,
593 2216 677 2271 utitur
686 2213 777 2277 armis,
837 2221 862 2267 ts
893 2245 897 2253 ι

60 2290 120 2347 vim
130 2289 223 2363 spinas
233 2290 361 2363 novitque
369 2307 443 2356 suae,
464 2307 595 2363 versoque
604 2290 719 2361 supinus

61 2382 180 2438 corpore,
203 2363 258 2421 lina
267 2373 347 2431 secat,
365 2365 506 2437 fixumque
517 2365 652 2436 intercipit
665 2364 786 2417 hamum.

100 2441 206 2498 Caetera
217 2457 287 2514 quae
296 2439 392 2497 densas
401 2440 522 2496 habitant
531 2438 656 2495 animalia
666 2436 758 2502 silvas.

62 2525 109 2573 aut
118 2516 181 2573 vani
191 2514 318 2589 quatiunt
325 2533 429 2587 semper
440 2515 577 2590 lymphata
587 2513 703 2577 timores,

62 2600 109 2647 aut
116 2591 202 2651 ,trahit
210 2591 240 2647 in
248 2607 373 2663 praeceps
386 2608 439 2646 nou
450 2608 515 2646 sana
526 2588 620 2644 ferocia
633 2587 740 2643 mentis.
838 2599 863 2640 5⁰

62 2667 426 2740 lpsasequiuaturamouet,
446 2663 692 2728 reimmmus'ua.
