1868 2962
131 114 148 164 8
317 117 348 164 Ρ.
369 118 496 166 OVIDII
514 120 681 167 NASONIS

130 217 178 273 Illa
187 216 245 292 (nee
258 217 384 291 invideo)
394 218 492 275 fruitur
501 219 610 275 meliore
619 220 728 276 marito:

77 306 102 348 80
168 293 250 364 inque
259 293 407 365 capistratis
417 295 531 370 tigribus
540 295 592 350 alta
601 295 686 350 sedet:

130 376 157 424 at
166 386 224 424 mea
233 368 348 440 despecti
360 368 467 444 lugiunt
475 369 609 425 connubia
619 369 744 435 Thraces,

167 443 240 516 quod
248 442 317 501 feror
325 453 464 502 externum
473 446 657 517 praeposuisse
666 445 744 500 meis.

129 517 333 592 Atquealiquis:
345 520 437 576 Doctae
447 519 857 593 iamnunceat,inquit,rltheuau

167 592 326 652 Armiferam
335 595 454 650 Thracen
464 595 511 668 qui
522 602 604 668 regat,
615 594 679 653 alter
688 595 748 663 erit.

77 681 101 724 te
128 669 224 726 Exitus
236 678 292 726 aeta
305 669 412 742 probat:
433 679 519 725 careat
527 671 695 729 successibus
704 678 776 743 opto,

167 744 293 818 quisquis
306 746 339 801 ab
349 752 446 800 eventu
457 743 523 801 laeta
534 746 649 803 nomnda
658 753 742 818 putat.

128 819 163 876 At
172 821 195 875 si
206 829 294 876 nostra
303 827 349 875 tuo
358 829 528 893 spumescant
537 838 651 894 aequora
661 839 743 888 remo,

167 896 221 951 iam
230 895 308 960 mihi,
323 895 377 950 iam
390 894 463 950 dicar
470 895 640 953 consuluisse
649 896 726 953 meis.

59 1021 61 1028 .
130 970 181 1026 Sed
192 988 279 1042 neque
288 969 426 1026 consului:
448 988 496 1027 nec
504 979 530 1026 te
540 988 597 1026 mea
608 972 679 1044 regia
689 978 788 1045 tanget,

75 1058 101 1101 lo
166 1044 268 1100 leesave
276 1046 393 1102 Bistonia
404 1047 523 1101 membra
534 1044 634 1101 lavabis
644 1063 724 1117 aqua.

129 1120 177 1177 llla
186 1121 253 1177 meis
266 1119 349 1177 oculis
361 1121 463 1194 species
473 1120 595 1176 abeuntis
606 1119 734 1187 inhaeret,

166 1213 252 1268 quum
262 1206 392 1269 premeret
399 1205 493 1268 portus
502 1196 594 1251 classis
605 1196 674 1263 itura
684 1213 766 1261 meos.

130 1270 219 1336 Ausus
231 1289 259 1327 es
269 1271 401 1344 amplecti,
416 1271 537 1344 colloque
546 1269 653 1327 inlusus
662 1272 777 1329 amantis

166 1346 255 1402 oscula
266 1364 313 1418 per
323 1346 415 1421 longas
425 1344 536 1421 iungere
545 1363 635 1417 pressa
646 1365 746 1403 moras:

75 1435 100 1477 95
129 1439 244 1494 cumque
253 1422 307 1478 tuis
321 1421 438 1476 lacrimis
449 1419 571 1477 lacrimas
580 1420 741 1487 confundere
756 1430 858 1481 nostras

165 1497 292 1571 quodque
304 1496 370 1554 foret
378 1496 446 1552 velis
456 1514 520 1553 aura
531 1496 655 1561 secunda,
667 1497 758 1569 queri:

129 1575 230 1628 etmihi
241 1573 379 1630 discedens
390 1591 514 1646 suprema
525 1572 612 1629 dicere
622 1588 697 1637 voce:

166 1649 264 1722 Phylli,
279 1648 334 1704 lace
343 1657 478 1720 exspectes
489 1646 684 1719 Demophoonta
695 1655 781 1703 tuum.

129 1724 296 1795 Exspectem,
307 1724 355 1795 qui
367 1739 410 1777 me
421 1739 560 1794 nunquam
571 1722 680 1783 visurus
690 1720 788 1777 abisti?

77 1809 115 1852 loo
167 1808 315 1870 exspectem
329 1796 423 1872 pelago
432 1795 490 1852 vela
501 1806 594 1871 negata
604 1795 683 1858 meo‘l

128 1873 162 1928 Et
172 1882 259 1928 tamen
269 1881 405 1944 exspecto:
426 1871 517 1928 redeas
528 1871 606 1928 modo
616 1890 692 1928 serus
703 1873 801 1928 amanti
811 1897 817 1928 ι

165 1955 196 2003 ut
206 1958 250 2003 tua
260 1950 295 2003 sit
304 1945 360 2002 solo
371 1955 486 2020 ternpore
496 1947 568 2020 lapsa
578 1946 653 2003 lides.

128 2021 200 2090 Quid
210 2041 300 2095 precor
311 2021 421 2079 infelix?
445 2023 498 2079 lem
511 2034 535 2078 te
545 2031 613 2078 tenet
622 2022 701 2077 altera
711 2023 811 2081 coniux

167 2097 285 2161 forsitan,
296 2107 330 2162 et,
344 2099 421 2155 nobis
430 2101 478 2171 qui
489 2098 558 2155 male
570 2097 644 2162 lavit,
656 2115 739 2154 amor.

76 2183 113 2228 {05
128 2171 216 2245 thue
227 2173 273 2228 tibi
284 2173 443 2240 excidimus,
456 2174 567 2238 nullam,
580 2182 653 2244 puto,
662 2171 783 2246 Phyllida
794 2183 857 2228 nost

166 2249 211 2303 llei
222 2249 304 2303 mihil
325 2248 499 2320 si,quaes1m
511 2248 622 2322 Phyllis,
635 2257 659 2302 et
669 2247 750 2312 unde,
763 2265 854 2322 rogas:

129 2340 198 2394 quac
208 2325 266 2389 tihi,
278 2324 458 2395 demophoon,
470 2323 557 2398 longis
567 2323 701 2378 erroribus
713 2331 770 2378 acto

166 2399 301 2455 Threicios
312 2407 404 2471 portus
415 2396 615 2474 hospitiumque
624 2397 684 2452 dedi
695 2417 701 2452 :

128 2473 206 2529 euius
216 2493 279 2547 opes
290 2492 387 2530 auxere
397 2491 484 2530 meae:
505 2475 548 2545 cui
559 2473 657 2531 divese
677 2474 730 2529 enti

72 2560 114 2603 llo
165 2567 278 2606 munera
289 2551 372 2606 multa
382 2549 452 2614 dedi,
464 2548 547 2607 multa
557 2491 714 2621 daleheim:

110 2639 186 2692 quae
193 2625 247 2682 trhr·
253 2628 363 2688 subieci
372 2626 507 2701 latissima
519 2643 606 2707 regna
612 2623 745 2717 haesitat,
