1868 2962
129 141 178 193 l9l
317 144 344 190 P.
366 141 495 190 ovum
513 140 681 188 Nasoms

164 244 283 309 condita,
303 242 368 298 dum
379 249 499 315 poterant
508 242 622 316 virginis
631 259 692 298 ossa
703 240 769 318 legii

72 333 97 375 75
127 322 181 377 Cur
191 318 270 374 modo
280 318 393 374 Vestalis
406 319 494 374 taedas
505 320 604 374 invitor
613 317 647 374 ad
656 317 727 374 ullas

167 394 251 466 turpis
262 402 287 449 et
296 393 382 449 Iliacis
394 394 535 450 inficianda
546 392 629 449 iocis‘l

128 470 199 537 Quid
209 468 315 525 moror‘l
342 469 483 543 Endigitis
493 469 619 543 designor
628 467 749 524 adultera
758 469 841 543 vulgi.

166 547 238 600 Desit
249 544 377 610 famosus,
397 545 445 617 qui
457 553 592 609 ratetum,
613 544 710 616 pudor.

128 622 270 686 Hactenus,
293 628 318 675 et
328 628 426 674 vestem
438 619 550 675 tumidis
560 619 709 691 praetendit
721 618 826 675 ocellis:

74 707 100 748 tu
167 706 246 768 atque
256 696 290 750 ita
302 695 368 750 sein
380 695 487 767 rapidas
497 694 598 766 perdita
609 695 684 749 misit
694 713 791 767 aquas.

129 771 308 844 Supposuisse
318 788 416 825 maniis
429 771 461 825 ad
472 779 575 842 pectora
586 769 707 825 lubricus
720 771 811 826 amnis

167 847 273 911 dicitur,
297 853 322 900 et
331 846 396 900 socii
406 847 465 900 iura
478 846 583 900 dedisse
595 845 656 900 tori.

130 923 167 978 Te
175 939 283 995 quoque
293 920 420 974 credibile
431 929 471 975 est
480 919 571 992 aliqua
580 920 695 975 caluisse
705 920 810 992 puella:

167 998 212 1053 sed
224 1014 330 1051 nemora
340 1003 366 1050 et
374 995 457 1050 silvae
470 996 582 1051 crimina
594 1003 680 1050 vestra
690 1003 794 1070 tegunt.

75 1084 100 1127 85
129 1075 199 1128 Dum
210 1071 312 1144 loquor,
334 1072 445 1126 increvit
454 1072 537 1126 vastis
548 1071 692 1142 spatiosius
704 1072 796 1137 undis,

167 1166 216 1204 nec
225 1148 295 1220 capit
308 1147 439 1203 admissas
450 1146 542 1202 alveus
552 1146 622 1202 altus
632 1163 727 1218 aquas.

115 1218 327 1291 'Quidmecum
352 1222 461 1287 furiose,
483 1219 550 1277 tibi‘?
569 1221 636 1294 quid
645 1233 740 1277 mutua
751 1221 841 1278 differs

166 1296 281 1372 gaudia?
300 1297 365 1370 quid
377 1305 509 1369 coeptum.
530 1298 637 1363 rustice,
658 1298 764 1369 rumpis
777 1297 843 1354 itor‘l

130 1373 217 1440 Quid?
235 1374 259 1427 si
273 1372 423 1447 legitimum
434 1371 542 1438 imeres,
563 1373 586 1428 si
598 1372 686 1429 nobile
696 1370 818 1429 llumen‘l

75 1459 101 1503 tu
167 1450 189 1502 si
201 1449 249 1504 tibi
263 1466 310 1520 per
318 1458 400 1504 terras
410 1449 528 1504 maxima
539 1447 608 1504 lama
618 1447 701 1504 lereti

130 1525 231 1580 Nomen
245 1525 326 1580 habes
337 1525 458 1590 nullum,
479 1524 588 1580 nivibus
598 1523 704 1580 collecte
716 1524 841 1594 caducis,¹

169 1617 217 1654 nec
228 1599 273 1654 tibi
286 1600 453 1665 mutientes,
478 1617 525 1655 nec
536 1600 584 1654 tibi
597 1607 667 1655 certa
677 1599 786 1656 domus.

131 1676 222 1731 Fontis
233 1675 315 1729 lrabes
326 1677 408 1729 instar
419 1675 594 1748 pluviamque
603 1676 735 1747 nivesque
744 1675 859 1744 solutam

168 1767 236 1821 quas
247 1749 294 1803 tibi
308 1748 416 1803 divitias
427 1750 502 1823 pigra
512 1751 646 1806 ministrat
655 1751 755 1806 hiems.

76 1838 100 1881 95
130 1825 183 1881 Aut
193 1824 341 1879 lutulentus
350 1824 409 1899 agis
422 1824 536 1880 brumali
550 1835 786 1899 temporecursus:

167 1909 213 1956 aut
222 1900 323 1972 premis
332 1911 448 1957 arentem
459 1900 661 1973 pulverulentus
670 1901 799 1959 humum.

130 1976 197 2045 Quis
207 1985 231 2031 te
241 1994 363 2050 unquam
375 1978 459 2050 potuit
468 1977 562 2032 sitiens
572 1977 678 2032 haurire
690 1977 794 2036 viator?

168 2051 235 2120 Quis
245 2052 313 2108 dixit
322 2061 479 2127 gratarum,
500 2053 626 2108 Perennis
639 2050 702 2109 eas?

130 2130 280 2183 Damnosus
291 2129 378 2200 pecori
389 2129 487 2193 curris,
507 2128 661 2184 damnosior
670 2128 753 2202 agris.

77 2216 116 2258 auu
168 2204 289 2260 Forsitan
299 2204 363 2258 haec
373 2203 454 2272 alios;
475 2221 518 2259 me
529 2222 586 2259 mea
595 2204 693 2260 damna
703 2215 823 2262 movent.

130 2281 198 2334 Huic
208 2297 256 2353 ego
266 2279 327 2334 vael
340 2278 450 2334 demens
456 2281 596 2335 narrabam
608 2279 878 2340 llumiuumamores‘?

169 2356 282 2410 lactasse
292 2353 404 2428 indigno
413 2356 522 2411 nomina
532 2365 605 2411 tanta
615 2355 705 2427 pudet.

130 2431 225 2485 Nescio
235 2429 302 2502 quid
312 2438 448 2501 spectans,
469 2431 602 2486 Acheloon
613 2440 638 2486 et
648 2431 764 2487 Inachon
777 2451 877 2497 amnes,

104 2545 105 2550 κ
169 2513 194 2559 et
205 2506 277 2576 potui
289 2523 396 2571 nomen,
417 2504 486 2571 Nile,
506 2505 602 2561 referre
613 2505 709 2561 tuum‘l
751 2572 753 2576 Ι

76 2592 116 2636 155
130 2578 165 2636 At
175 2580 222 2634 tibi
231 2598 281 2652 pro
291 2582 393 2637 meritis
403 2590 473 2654 opto,
494 2599 547 2637 non
556 2582 668 2638 candide
677 2589 792 2650 torrens,

159 2656 411 2734 sintrapidisoles,
433 2657 560 2732 siccaque
567 2675 670 2729 semper
678 2657 780 2713 menas.
