1868 2962
249 105 459 154 flnnolnns.
489 109 544 155 ΕΡ.
560 111 616 157 XX.
761 106 810 156 wi

53 206 197 263 Promittes
209 212 315 276 votum3
337 207 387 262 scit
396 216 421 262 te
430 209 584 281 promittere
595 208 670 267 irriso.
827 226 865 268 105

91 282 214 349 Iurabis3
234 282 285 337 seit
294 289 319 337 te
329 281 419 338 fallere
429 301 509 356 posse
518 282 591 340 deos.

53 360 115 415 Non
125 356 259 432 agiturds
271 375 328 414 me:
349 375 413 414 cura
423 359 523 414 maiore
533 358 632 418 laboro.

91 432 182 490 Anxia
193 440 258 488 sunt
266 432 337 490 vitae
346 442 451 507 pectora
463 442 552 503 nostra
564 442 632 491 tuae.

53 510 110 566 Cur
120 508 202 565 modo
214 517 239 564 te
248 509 359 565 dubiam
368 510 460 583 pavidi
470 508 566 567 flevere
572 521 705 583 parentes,

91 587 203 661 ignaros
213 583 307 658 cuipas
315 604 385 658 quos
395 584 460 642 iacis
470 604 529 641 esse
539 586 618 642 tuae?
825 603 864 644 200

52 659 301 736 Etcurignoranti
329 661 406 717 Matri
418 661 694 738 licetomninnarres3

94 736 206 804 nidmu,
227 736 361 813 Cydippe,
382 736 450 793 iacta
460 739 566 794 ruboris
576 738 686 794 habent.

56 812 159 869 Ordine
172 811 334 881 horriferas,
355 821 385 869 ut
395 813 433 868 sis
444 813 512 882 mihi
522 815 628 889 cognita
637 816 770 886 primum,

94 905 170 944 saera
179 886 420 961 pharetrataedum
430 888 492 945 iacit
502 890 560 962 ipsa
570 884 648 945 deae:

56 971 100 1031 ut,
121 971 310 1036 tempesta,
332 964 436 1028 subito.
457 965 480 1020 si
491 960 556 1021 forte
566 966 671 1032 notasti,
825 979 863 1023 205

93 1039 236 1096 restiterim
249 1040 310 1097 fixis
321 1040 348 1095 in
360 1048 404 1096 tun
414 1042 534 1096 membra
543 1042 635 1116 genis:

57 1123 101 1183 ut,
122 1123 149 1171 te
158 1115 224 1171 dum
235 1116 350 1171 nimium
362 1116 457 1183 miror,
479 1124 540 1183 nota
549 1125 618 1181 certa
629 1116 736 1183 furoris,

94 1190 241 1248 deciderint
252 1193 364 1248 humero
373 1191 454 1264 pallia
464 1191 538 1277 lapsa
548 1210 621 1249 meo:

58 1266 198 1341 postmodo
204 1267 298 1337 ¹nescio
307 1285 362 1339 qua
373 1268 479 1324 venisse
487 1266 606 1343 volubile
617 1268 730 1335 malum,

93 1344 178 1400 verba
187 1341 274 1399 serens
287 1342 371 1400 doctis
380 1342 510 1421 insidiosa
520 1344 615 1419 nutis:¹
662 1356 664 1360 '
825 1357 863 1399 200

57 1420 130 1492 quod
139 1418 206 1492 quia
215 1419 251 1474 sit
260 1418 357 1474 lectum
368 1427 459 1474 sancta
468 1422 606 1492 praesente
614 1421 707 1485 Diana,

93 1512 153 1550 esse
162 1501 237 1550 tuem
250 1495 384 1558 vinctam,
406 1495 519 1549 numine
529 1502 606 1559 teste,
627 1495 718 1549 tidem.

57 1572 95 1626 Ne
105 1580 196 1626 tamen
205 1571 323 1647 ignoret,
344 1570 715 1647 quaesitsententiplscriptu

94 1645 160 1702 lecte
171 1644 220 1701 tibi
233 1645 371 1718 quondam
382 1663 455 1701 nunc
464 1664 573 1719 quoque
582 1647 663 1702 verba
673 1645 714 1700 rei
742 1687 749 1701 .

56 1723 144 1788 Nube,
159 1739 261 1795 precer,
276 1720 354 1788 dicet,
370 1722 413 1776 cui
425 1723 527 1777 tebona
539 1722 651 1777 numina
662 1723 793 1798 iungunt:
825 1737 863 1778 205

93 1815 176 1871 quem
187 1796 243 1854 fore
251 1798 359 1864 iurasti,
380 1798 416 1859 sit
422 1815 506 1872 gener
516 1796 562 1853 ille
571 1798 649 1854 mihi.

56 1872 188 1946 Quisquis
207 1873 231 1928 is
251 1880 304 1939 est,
324 1873 439 1946 placeat,
460 1873 589 1946 quoniam
608 1873 694 1947 placet
712 1882 773 1930 ante

594 1950 703 2013 Dianae.

94 2023 166 2079 Talis
177 2024 227 2079 erit
237 2031 333 2090 mater,
354 2023 377 2079 si
388 2023 467 2081 modo
477 2031 561 2080 mater
573 2026 632 2082 erit.

56 2098 101 2154 Sic
110 2108 200 2154 tumen
210 2107 236 2154 et
244 2108 367 2172 quaerat,
402 2100 430 2155 ui
440 2100 492 2155 sim
504 2100 661 2177 qualisque,
676 2102 779 2165 iubeto:

93 2174 215 2230 inveniet
223 2176 300 2231 vobis
310 2118 479 2231 considuisse
488 2175 576 2249 deum.
824 2189 862 2231 220

56 2250 163 2317 insula,
184 2250 305 2325 Coryciis
316 2251 452 2323 quondam
462 2251 632 2308 celeberrima
642 2251 786 2326 Nymphis,

94 2326 214 2412 cingitur
222 2324 340 2403 Aegaeo,
362 2326 471 2383 nomine
480 2328 546 2396 Cea,
567 2329 647 2384 mari.

54 2401 103 2457 Illa
113 2401 183 2456 mihi
192 2402 339 2473 patriaest;
362 2420 424 2469 nee,
445 2402 469 2458 si
480 2422 609 2481 generosa
619 2401 741 2475 probaris

92 2477 220 2542 nomina,
241 2475 372 2549 despectis
382 2495 479 2555 arguor
488 2489 563 2536 ortus
575 2478 644 2534 avis.

53 2552 125 2610 Sunt
136 2561 164 2608 et
171 2569 236 2625 opes
246 2550 339 2619 nobis,
360 2562 425 2609 sunt
433 2563 459 2609 et
467 2555 528 2611 sine
536 2553 651 2610 erimine
659 2569 767 2609 mures-i
825 2564 874 2605 uus

91 2626 210 2701 mrbus
220 2628 396 2703 uerenini,
417 2630 734 2711 merihitungusmu.
