1868 2962
133 167 184 221 204
320 172 350 217 Ρ.
372 170 500 217 OVIDII
518 171 689 217 NASONIS

81 288 104 328 iu
172 274 319 346 ingenuum
330 272 397 327 dura
407 289 504 343 ponere
512 288 610 342 eorpus
620 271 716 328 humo.

133 350 204 421 Ergo
216 365 265 422 ego
275 347 432 413 nesciocui,
453 364 535 419 quem
545 354 575 401 tu
584 346 725 418 complexa
734 347 847 412 tenebas,

173 423 288 477 excubui
302 423 434 488 clausam,
456 439 551 476 servus
560 428 605 486 nt,
627 420 821 477 antedcmum.

134 498 196 554 Vidi
206 515 268 571 ego,
289 516 377 571 quum
387 497 489 553 [oribus
501 497 589 551 lassus
598 497 717 568 prodiret
726 506 835 563 amatur,

172 573 322 629 invalidum
333 573 448 628 referens
457 571 653 644 emeritumque
663 571 745 628 latus.

82 663 107 704 15
135 651 190 704 Hoc
200 657 288 703 tamen
298 656 338 704 est
351 648 448 713 levius,
460 664 542 719 quam
552 647 701 777 quodlpum
711 648 789 705 visus
799 648 831 703 ab

615 739 672 778 ιο.

173 799 286 855 Eveniat
296 797 393 853 nostris
404 796 528 852 hostibus
538 796 583 851 iile
592 797 691 868 pudor.

136 874 249 942 Quando
258 891 307 948 ego
317 890 370 927 uon
380 872 452 926 fixus
462 871 536 926 lateri
547 872 687 945 spatiantis
698 872 818 939 adhaesi,

175 951 233 1021 ipse
241 957 306 1003 tuus
314 954 419 1012 custos,
441 948 499 1018 ipse
509 947 564 1015 vir,
585 947 763 1020 ipseccmes‘?

138 1024 241 1079 Scilicet
252 1030 281 1077 ut
289 1021 389 1095 populo
399 1039 446 1093 per
456 1040 499 1076 me
508 1022 631 1078 comitata
640 1021 777 1095 placebas,

83 1115 108 1156 ‘20
173 1116 268 1154 caussa
279 1096 329 1153 fuit
339 1096 430 1152 multis
442 1105 530 1153 noster
539 1098 637 1154 amoris
651 1115 736 1154 amor.

138 1175 237 1247 Turpia
247 1174 314 1245 quid
325 1173 435 1228 referam
447 1190 530 1227 vanae
540 1173 678 1229 mendacia
688 1174 808 1248 linguae,

175 1259 200 1303 et
209 1249 356 1321 periuratos
365 1248 393 1302 in
408 1265 466 1302 mea
476 1248 576 1303 damna
585 1247 668 1305 deos?

138 1324 206 1396 quid
216 1324 345 1378 iuvenum
356 1323 447 1377 tacitus
457 1322 526 1377 inter
535 1323 658 1379 convivia
669 1330 765 1391 nutus,

176 1398 311 1471 verbaque
320 1398 475 1471 compositis
484 1397 653 1454 dissimulata
664 1397 755 1455 notis?

84 1488 109 1530 25
137 1474 211 1530 Dicta
230 1482 284 1529 erat
303 1490 381 1549 aegra
401 1473 483 1528 mihi:
511 1491 636 1547 praeceps
655 1490 805 1547 amensque
824 1491 865 1529 cu-

618 1567 702 1606 curri.

176 1626 258 1693 Veni;
280 1632 306 1679 et
315 1624 392 1680 rivali
404 1642 456 1679 non
468 1631 522 1679 erat
532 1642 609 1699 aegra
623 1642 693 1682 meo.

139 1701 201 1764 His,
223 1707 326 1771 atquae
336 1708 421 1764 taceo,
443 1699 537 1754 duravi
548 1717 626 1771 saepe
636 1698 763 1755 ferendis.

176 1774 278 1841 Quaere
288 1773 387 1838 alium,
408 1791 456 1846 pro
466 1792 508 1830 me
518 1775 567 1847 qui
577 1774 640 1830 velit
650 1776 700 1830 ista
710 1775 777 1846 pati.

140 1852 195 1904 lam
205 1867 279 1914 mea,
299 1850 388 1905 votiva
401 1851 501 1922 puppis
514 1849 635 1906 redimita
649 1867 756 1916 corona,

87 1938 111 1979 30
178 1925 243 1979 iacta
252 1933 427 1980 tumescentes
437 1926 560 1997 aequoris
571 1926 645 1981 audit
654 1943 750 1999 aquas.

140 2000 235 2056 Desine
245 2000 387 2056 blanditias
397 2009 422 2055 et
432 2001 526 2066 verba,
548 2000 823 2073 potentiaqnundam,

177 2075 296 2148 perdere.
326 2077 384 2130 Non
395 2093 445 2150 ego
456 2075 640 2142 sumstnltus,
661 2084 692 2132 ut
702 2087 764 2131 ante
773 2075 824 2132 iui.

140 2153 300 2217 Luctantur,
321 2160 467 2223 pectusque
481 2151 538 2207 leve
549 2152 576 2207 in
586 2152 723 2207 contraria·
730 2152 835 2207 ducunt

177 2227 324 2292 hacamor,
346 2226 510 2282 haccdium:
531 2226 588 2292 sed,
609 2235 683 2298 puto,
704 2227 883 2282 vincetamor.

87 2313 112 2354 35
141 2301 242 2368 Odere,
262 2303 286 2357 si
297 2310 400 2374 potero:
422 2302 444 2356 si
457 2320 523 2367 non,
545 2302 763 2357 invitusamabo.

179 2380 232 2432 Nec
244 2378 307 2453 iuga
317 2386 409 2432 taurus
420 2385 503 2432 amat:
525 2395 594 2450 quae
606 2387 692 2433 tamen
708 2377 779 2442 odit,
802 2377 884 2433 haba.

141 2453 294 2524 Nequitiam
305 2452 392 2528 fugio:
413 2451 560 2526 fugientem
572 2452 656 2509 forma
668 2451 783 2508 reduciu

96 2557 98 2560 >
179 2527 293 2585 Aversor
302 2545 409 2586 morum
418 2527 545 2584 crimina:
566 2546 663 2600 corpus
673 2546 745 2585 amo.

141 2603 185 2657 Sic
195 2620 244 2679 ego
255 2622 303 2660 nec
311 2606 369 2661 sine
378 2613 412 2671 te,
434 2620 482 2660 nec
490 2611 578 2659 tecum
589 2605 679 2659 vivere
690 2620 822 2675 possum;

72 2690 102 2731 w
169 2688 198 2736 et
209 2679 303 2740 videor
312 2683 371 2744 voti
380 2679 491 2741 nescius
500 2679 637 2736 eesemei.
