1868 2962
139 158 172 210 52
336 163 365 208 P.
386 161 513 208 OVIDII
530 161 699 208 NASONIS

140 266 212 318 Num
223 263 314 317 minus
325 262 461 329 infestum,
473 263 595 319 funebria
605 281 727 330 munera,
738 262 839 320 lermm

84 352 109 393 au
176 337 289 394 leminea
300 346 382 405 teneo,
394 358 448 396 non
458 357 517 401 mea
526 339 586 406 tela,
601 337 702 395 manu?

139 414 161 470 0
172 417 286 480 utinam,
297 415 429 481 Macureu,
441 433 510 488 quae
519 434 568 471 nos
578 415 712 471 commisit
721 415 751 471 in
764 432 861 481 unum,

176 490 293 546 venisset
304 489 355 546 leto
364 491 446 547 serior
455 491 519 546 bora
530 491 603 546 maol
685 539 691 555 ,

140 566 195 622 Cur
203 584 325 639 uuquam
334 566 397 640 plus
407 584 459 632 me,
471 566 559 634 irater,
571 584 654 639 quam
667 564 746 621 irater
755 563 869 623 amasti?

176 650 202 697 et
210 642 269 708 tibi,
281 661 334 698 uon
345 641 421 698 debet
430 641 504 716 quod
514 661 587 698 soror
597 660 664 708 esse,
675 639 734 696 lui?

34 738 37 745 ¹
84 730 109 774 25
138 716 197 789 lpsa
207 735 315 791 quoque
328 716 441 773 incalui:
463 717 626 791 qualemque
635 716 728 772 audire
737 716 866 784 solebam,

177 794 267 868 nescio
276 811 358 866 quem
368 794 441 849 sensi
450 793 528 849 corde
537 801 641 867 tepente
649 793 742 849 deum.

140 871 255 944 Fugerat
264 887 308 924 ore
317 868 398 935 color,
409 869 562 942 maciesque
574 868 721 925 obduxerat
730 875 820 924 artus:

177 945 319 1000 sumebant
328 945 455 1000 minimos
466 963 510 1001 ora
521 953 607 1001 coacta
617 945 702 1000 eibos.

139 1023 193 1077 Nec
202 1020 290 1076 somni
300 1019 399 1085 faciles,
411 1028 437 1075 et
447 1039 500 1076 nox
509 1028 565 1076 erat
574 1037 664 1076 annua
676 1019 768 1075 nobis:

84 1111 109 1151 :to
175 1104 200 1150 et
208 1095 339 1170 gemitum
351 1094 425 1152 nullo
436 1093 505 1151 laesa
515 1095 604 1152 dolore
613 1095 721 1151 dabam.

139 1174 206 1239 Nec,
220 1189 268 1228 cur
278 1172 342 1227 haec
351 1171 473 1237 facerem,
485 1179 604 1244 poteram
615 1169 682 1226 mihi
692 1169 801 1225 reddere
810 1187 887 1226 caus-

646 1264 719 1302 sam:

178 1341 226 1378 uec
235 1339 337 1387 noram,
348 1321 417 1394 quid
426 1339 519 1377 amans
528 1329 611 1377 esset:
633 1329 659 1377 at
668 1319 736 1377 illud
745 1339 829 1376 eram.

139 1400 227 1453 Prima
237 1397 339 1452 malum
349 1396 442 1452 nutrix
452 1397 542 1452 animo
552 1398 700 1469 praesensit
709 1396 790 1454 anili:

175 1474 261 1545 prima
272 1465 338 1527 mihi
349 1471 450 1539 nutrix,
461 1470 546 1539 Aeoli,
557 1472 634 1538 dixit,
649 1490 735 1528 amas.

84 1561 109 1603 35
137 1549 253 1615 Erubui,
264 1549 420 1624 gremioque
429 1548 516 1621 pudor
525 1547 620 1604 deiecit
627 1547 734 1604 ocellos.

176 1627 244 1680 Haeo
254 1625 318 1679 satis
329 1625 357 1679 in
368 1624 445 1679 tacita
458 1624 535 1710 signa
546 1623 651 1679 latentis
661 1631 745 1678 erant.

138 1703 248 1772 Iamque
258 1697 441 1754 tumescebant
450 1699 535 1754 vitiati
545 1698 662 1771 pondera
671 1699 783 1765 ventris,

175 1792 307 1849 aegraque
317 1773 447 1828 furtivum
458 1775 577 1830 membra
587 1775 716 1850 gravabat
725 1793 804 1830 onus

138 1853 210 1918 Quas
221 1850 288 1904 inibi
299 1868 353 1905 non
362 1849 468 1915 herbas,
475 1868 603 1922 quasnon
613 1850 888 1907 medicaminanutrix

84 1936 109 1982 lu
175 1925 278 1991 Attulit,
291 1924 384 1980 audaci
395 1926 590 1999 supposuitque
599 1944 691 1992 manu,

139 2012 168 2058 ut
177 2001 284 2074 penitus
296 2001 394 2057 nostris
404 2001 463 2075 (hoe
473 2010 498 2057 te
510 2002 656 2058 celavimus
667 2000 775 2072 unum)

177 2076 325 2132 visceribus
336 2094 457 2133 crescens
466 2085 632 2135 excuteretur
640 2075 729 2132 onus?

137 2153 179 2209 Ab
190 2151 305 2208 nimium
318 2153 399 2208 vivax
409 2153 521 2209 admotis
531 2153 624 2208 restitit
636 2151 723 2208 inlaus

176 2229 288 2293 artibus,
300 2236 325 2281 et
338 2235 403 2282 tecto
412 2235 485 2283 tutus
495 2229 529 2283 ab
539 2228 614 2284 hoste
624 2227 683 2282 luit.

85 2312 109 2359 45
138 2307 192 2358 lam
205 2304 298 2358 novies
308 2312 364 2358 erat
372 2310 427 2358 orta
438 2321 511 2358 soror
518 2303 697 2375 pulcherrima
707 2302 818 2370 Phoebi,

176 2380 297 2451 denaque
308 2378 431 2433 luciferos
442 2380 517 2433 Luua
528 2379 651 2434 movebat
660 2396 759 2450 equos:

139 2456 226 2509 nescia
238 2473 307 2526 quae
317 2454 413 2509 iaceret
421 2454 525 2508 subitos
538 2454 604 2508 mibi
615 2471 710 2509 caussa
723 2452 837 2520 dolores,

176 2538 201 2584 et
211 2530 286 2584 rudis
295 2529 329 2584 ad
339 2538 441 2602 partus,
453 2537 479 2583 et
488 2547 556 2584 nova
566 2529 643 2584 miles
653 2546 735 2583 eram.

130 2608 190 2658 Nec
197 2605 273 2659 terrui
283 2623 384 2662 vocem.
406 2604 487 2674 Quid,
498 2605 543 2672 ait,
556 2612 601 2661 tua
611 2605 723 2659 crimina
733 2605 842 2677 prodis?

55 2685 86 2723 ὅθ
156 2696 262 2752 oraque
270 2681 421 2742 clamantis
432 2685 545 2743 muscia
554 2682 748 2759 pressitauus.
