<?xml version="1.0" encoding="UTF-8"?>
<!DOCTYPE html PUBLIC "-//W3C//DTD XHTML 1.0 Transitional//EN"
    "http://www.w3.org/TR/xhtml1/DTD/xhtml1-transitional.dtd">
<html xmlns="http://www.w3.org/1999/xhtml" xml:lang="en" lang="en">
 <head>
  <title>
</title>
<meta http-equiv="Content-Type" content="text/html;charset=utf-8" />
  <meta name='ocr-system' content='tesseract 3.04.00' />
  <meta name='ocr-capabilities' content='ocr_page ocr_carea ocr_par ocr_line ocrx_word'/>
</head>
<body>
  <div class='ocr_page' id='page_1' title='image "./operaomnia01ovidgoog/operaomnia01ovidgoog_0226.png"; bbox 0 0 1868 2962; ppageno 0'>
   <div class='ocr_carea' id='block_1_1' title="bbox 187 107 813 162">
    <p class='ocr_par' dir='ltr' id='par_1_1' title="bbox 187 107 813 162">
     <span class='ocr_line' id='line_1_1' title="bbox 187 107 813 162; baseline 0.008 -8"><span class='ocrx_word' id='word_1_1' title='bbox 187 108 307 154; x_wconf 76' lang='lat' dir='ltr'>ARTIS</span> <span class='ocrx_word' id='word_1_2' title='bbox 330 107 564 156; x_wconf 81' lang='lat' dir='ltr'>AMATORIAE</span> <span class='ocrx_word' id='word_1_3' title='bbox 582 110 653 156; x_wconf 87' lang='lat' dir='ltr'><strong>LIB.</strong></span> <span class='ocrx_word' id='word_1_4' title='bbox 673 111 694 159; x_wconf 83' lang='lat' dir='ltr'><strong>I.</strong></span> <span class='ocrx_word' id='word_1_5' title='bbox 763 107 813 162; x_wconf 70' lang='lat'><strong>229</strong></span> 
     </span>
    </p>
   </div>
   <div class='ocr_carea' id='block_1_2' title="bbox 35 207 869 2697">
    <p class='ocr_par' dir='ltr' id='par_1_2' title="bbox 35 207 869 2697">
     <span class='ocr_line' id='line_1_2' title="bbox 61 207 663 269; baseline 0.008 -5"><span class='ocrx_word' id='word_1_6' title='bbox 61 210 110 264; x_wconf 83' lang='lat' dir='ltr'><strong>llic</strong></span> <span class='ocrx_word' id='word_1_7' title='bbox 118 209 169 264; x_wconf 89' lang='lat' dir='ltr'><strong>tibi</strong></span> <span class='ocrx_word' id='word_1_8' title='bbox 180 207 266 263; x_wconf 88' lang='lat' dir='ltr'><strong>multa</strong></span> <span class='ocrx_word' id='word_1_9' title='bbox 278 208 338 264; x_wconf 88' lang='lat' dir='ltr'><strong>licet</strong></span> <span class='ocrx_word' id='word_1_10' title='bbox 346 227 469 265; x_wconf 88' lang='lat' dir='ltr'><strong>sermone</strong></span> <span class='ocrx_word' id='word_1_11' title='bbox 480 211 586 267; x_wconf 86' lang='lat' dir='ltr'><strong>latentia</strong></span> <span class='ocrx_word' id='word_1_12' title='bbox 596 220 663 269; x_wconf 84' lang='lat' dir='ltr'><strong>tecta</strong></span> 
     </span>
     <span class='ocr_line' id='line_1_3' title="bbox 98 284 869 357; baseline 0.004 -18"><span class='ocrx_word' id='word_1_13' title='bbox 98 285 196 349; x_wconf 84' lang='lat' dir='ltr'><strong>dicere,</strong></span> <span class='ocrx_word' id='word_1_14' title='bbox 217 301 287 357; x_wconf 87' lang='lat' dir='ltr'><strong>quae</strong></span> <span class='ocrx_word' id='word_1_15' title='bbox 296 284 349 340; x_wconf 86' lang='lat' dir='ltr'><strong>dici</strong></span> <span class='ocrx_word' id='word_1_16' title='bbox 359 286 456 340; x_wconf 87' lang='lat' dir='ltr'><strong>sentiat</strong></span> <span class='ocrx_word' id='word_1_17' title='bbox 465 286 510 342; x_wconf 94' lang='lat' dir='ltr'><strong>illa</strong></span> <span class='ocrx_word' id='word_1_18' title='bbox 520 288 587 342; x_wconf 92' lang='lat' dir='ltr'><strong>sibi:</strong></span> <span class='ocrx_word' id='word_1_19' title='bbox 830 301 869 343; x_wconf 80' lang='lat'><strong>570</strong></span> 
     </span>
     <span class='ocr_line' id='line_1_4' title="bbox 61 359 690 433; baseline 0.003 -17"><span class='ocrx_word' id='word_1_20' title='bbox 61 360 263 431; x_wconf 82' lang='lat' dir='ltr'>blanditiasque</span> <span class='ocrx_word' id='word_1_21' title='bbox 273 359 344 415; x_wconf 86' lang='lat' dir='ltr'><strong>leves</strong></span> <span class='ocrx_word' id='word_1_22' title='bbox 355 361 428 415; x_wconf 85' lang='lat' dir='ltr'><strong>tenui</strong></span> <span class='ocrx_word' id='word_1_23' title='bbox 437 363 601 433; x_wconf 82' lang='lat' dir='ltr'><strong>perscribere</strong></span> <span class='ocrx_word' id='word_1_24' title='bbox 612 364 690 431; x_wconf 88' lang='lat' dir='ltr'><strong>viu0;</strong></span> 
     </span>
     <span class='ocr_line' id='line_1_5' title="bbox 98 435 701 512; baseline 0.002 -21"><span class='ocrx_word' id='word_1_25' title='bbox 98 445 130 491; x_wconf 89' lang='lat' dir='ltr'><strong>ut</strong></span> <span class='ocrx_word' id='word_1_26' title='bbox 140 435 281 491; x_wconf 87' lang='lat' dir='ltr'><strong>dominam</strong></span> <span class='ocrx_word' id='word_1_27' title='bbox 290 436 319 490; x_wconf 87' lang='lat' dir='ltr'><strong>in</strong></span> <span class='ocrx_word' id='word_1_28' title='bbox 329 453 422 491; x_wconf 86' lang='lat' dir='ltr'><strong>mensa</strong></span> <span class='ocrx_word' id='word_1_29' title='bbox 436 454 465 490; x_wconf 92' lang='lat' dir='ltr'><strong>se</strong></span> <span class='ocrx_word' id='word_1_30' title='bbox 478 438 548 512; x_wconf 79' lang='lat' dir='ltr'><strong>legat</strong></span> <span class='ocrx_word' id='word_1_31' title='bbox 558 436 603 491; x_wconf 92' lang='lat' dir='ltr'><strong>illa</strong></span> <span class='ocrx_word' id='word_1_32' title='bbox 614 445 701 493; x_wconf 88' lang='lat' dir='ltr'><strong>tuam:</strong></span> 
     </span>
     <span class='ocr_line' id='line_1_6' title="bbox 60 510 736 586; baseline 0.001 -19"><span class='ocrx_word' id='word_1_33' title='bbox 60 519 142 584; x_wconf 87' lang='lat' dir='ltr'><strong>atque</strong></span> <span class='ocrx_word' id='word_1_34' title='bbox 151 510 244 567; x_wconf 87' lang='lat' dir='ltr'><strong>oculos</strong></span> <span class='ocrx_word' id='word_1_35' title='bbox 253 510 338 567; x_wconf 88' lang='lat' dir='ltr'><strong>oculis</strong></span> <span class='ocrx_word' id='word_1_36' title='bbox 349 519 466 583; x_wconf 84' lang='lat' dir='ltr'><strong>spectare</strong></span> <span class='ocrx_word' id='word_1_37' title='bbox 480 513 625 568; x_wconf 86' lang='lat' dir='ltr'><strong>fatentibus</strong></span> <span class='ocrx_word' id='word_1_38' title='bbox 635 514 736 586; x_wconf 82' lang='lat' dir='ltr'><strong>ignem.</strong></span> 
     </span>
     <span class='ocr_line' id='line_1_7' title="bbox 98 586 735 661; baseline -0.005 -18"><span class='ocrx_word' id='word_1_39' title='bbox 98 586 185 658; x_wconf 86' lang='lat' dir='ltr'><strong>Saepe</strong></span> <span class='ocrx_word' id='word_1_40' title='bbox 193 594 283 642; x_wconf 88' lang='lat' dir='ltr'><strong>tacens</strong></span> <span class='ocrx_word' id='word_1_41' title='bbox 292 604 384 642; x_wconf 88' lang='lat' dir='ltr'><strong>vocem</strong></span> <span class='ocrx_word' id='word_1_42' title='bbox 394 588 529 661; x_wconf 89' lang='lat' dir='ltr'><strong>verbaque</strong></span> <span class='ocrx_word' id='word_1_43' title='bbox 541 587 634 644; x_wconf 83' lang='lat' dir='ltr'><strong>vultus</strong></span> <span class='ocrx_word' id='word_1_44' title='bbox 648 589 735 643; x_wconf 76' lang='lat' dir='ltr'><strong>habet,</strong></span> 
     </span>
     <span class='ocr_line' id='line_1_8' title="bbox 60 661 868 735; baseline 0 -16"><span class='ocrx_word' id='word_1_45' title='bbox 60 664 115 719; x_wconf 85' lang='lat' dir='ltr'><strong>Fac</strong></span> <span class='ocrx_word' id='word_1_46' title='bbox 122 662 231 735; x_wconf 79' lang='lat' dir='ltr'><strong>primaas</strong></span> <span class='ocrx_word' id='word_1_47' title='bbox 242 663 330 734; x_wconf 89' lang='lat' dir='ltr'><strong>rapias</strong></span> <span class='ocrx_word' id='word_1_48' title='bbox 340 661 414 717; x_wconf 89' lang='lat' dir='ltr'><strong>illius</strong></span> <span class='ocrx_word' id='word_1_49' title='bbox 425 671 491 719; x_wconf 87' lang='lat' dir='ltr'><strong>tacta</strong></span> <span class='ocrx_word' id='word_1_50' title='bbox 500 663 604 719; x_wconf 80' lang='lat' dir='ltr'><strong>labellis</strong></span> <span class='ocrx_word' id='word_1_51' title='bbox 831 677 868 719; x_wconf 75' lang='grc'><strong>555</strong></span> 
     </span>
     <span class='ocr_line' id='line_1_9' title="bbox 99 736 716 812; baseline 0.006 -21"><span class='ocrx_word' id='word_1_52' title='bbox 99 736 212 810; x_wconf 88' lang='lat' dir='ltr'><strong>pocula;</strong></span> <span class='ocrx_word' id='word_1_53' title='bbox 225 755 335 810; x_wconf 90' lang='lat' dir='ltr'><strong>quaque</strong></span> <span class='ocrx_word' id='word_1_54' title='bbox 344 738 419 793; x_wconf 88' lang='lat' dir='ltr'><strong>bibet</strong></span> <span class='ocrx_word' id='word_1_55' title='bbox 427 747 501 810; x_wconf 87' lang='lat' dir='ltr'><strong>parte</strong></span> <span class='ocrx_word' id='word_1_56' title='bbox 511 739 610 812; x_wconf 83' lang='lat' dir='ltr'><strong>puella,</strong></span> <span class='ocrx_word' id='word_1_57' title='bbox 622 740 716 795; x_wconf 86' lang='lat' dir='ltr'><strong>bibas:</strong></span> 
     </span>
     <span class='ocr_line' id='line_1_10' title="bbox 60 813 701 889; baseline 0.003 -20"><span class='ocrx_word' id='word_1_58' title='bbox 60 824 87 869; x_wconf 89' lang='lat' dir='ltr'><strong>et</strong></span> <span class='ocrx_word' id='word_1_59' title='bbox 96 829 298 886; x_wconf 89' lang='lat' dir='ltr'><strong>quemcumque</strong></span> <span class='ocrx_word' id='word_1_60' title='bbox 307 813 400 868; x_wconf 89' lang='lat' dir='ltr'><strong>cibum</strong></span> <span class='ocrx_word' id='word_1_61' title='bbox 410 813 502 889; x_wconf 79' lang='lat' dir='ltr'><strong>digitis</strong></span> <span class='ocrx_word' id='word_1_62' title='bbox 513 813 636 871; x_wconf 85' lang='lat' dir='ltr'><strong>libaverit</strong></span> <span class='ocrx_word' id='word_1_63' title='bbox 645 815 701 882; x_wconf 87' lang='lat' dir='ltr'><strong>illa,</strong></span> 
     </span>
     <span class='ocr_line' id='line_1_11' title="bbox 99 888 760 961; baseline 0.003 -17"><span class='ocrx_word' id='word_1_64' title='bbox 99 896 213 961; x_wconf 82' lang='lat' dir='ltr'><strong>tupele:</strong></span> <span class='ocrx_word' id='word_1_65' title='bbox 233 888 451 960; x_wconf 77' lang='lat' dir='ltr'><strong>dumquepetes‚</strong></span> <span class='ocrx_word' id='word_1_66' title='bbox 472 890 508 945; x_wconf 92' lang='lat' dir='ltr'><strong>sit</strong></span> <span class='ocrx_word' id='word_1_67' title='bbox 516 890 565 945; x_wconf 90' lang='lat' dir='ltr'><strong>tibi</strong></span> <span class='ocrx_word' id='word_1_68' title='bbox 577 898 643 946; x_wconf 78' lang='lat' dir='ltr'><strong>tacta</strong></span> <span class='ocrx_word' id='word_1_69' title='bbox 653 909 760 947; x_wconf 85' lang='lat' dir='ltr'><strong>manus.</strong></span> 
     </span>
     <span class='ocr_line' id='line_1_12' title="bbox 60 964 670 1038; baseline 0.005 -18"><span class='ocrx_word' id='word_1_70' title='bbox 60 964 123 1020; x_wconf 85' lang='lat' dir='ltr'><strong>Sint</strong></span> <span class='ocrx_word' id='word_1_71' title='bbox 132 964 212 1019; x_wconf 87' lang='lat' dir='ltr'><strong>etiam</strong></span> <span class='ocrx_word' id='word_1_72' title='bbox 221 971 267 1020; x_wconf 86' lang='lat' dir='ltr'><strong>tua</strong></span> <span class='ocrx_word' id='word_1_73' title='bbox 276 972 336 1021; x_wconf 87' lang='lat' dir='ltr'><strong>vota</strong></span> <span class='ocrx_word' id='word_1_74' title='bbox 347 964 405 1020; x_wconf 88' lang='lat' dir='ltr'><strong>viro</strong></span> <span class='ocrx_word' id='word_1_75' title='bbox 415 964 548 1037; x_wconf 82' lang='lat' dir='ltr'><strong>placuisse</strong></span> <span class='ocrx_word' id='word_1_76' title='bbox 557 966 670 1038; x_wconf 89' lang='lat' dir='ltr'><strong>puellae.</strong></span> 
     </span>
     <span class='ocr_line' id='line_1_13' title="bbox 99 1038 868 1097; baseline 0.001 -2"><span class='ocrx_word' id='word_1_77' title='bbox 99 1038 196 1095; x_wconf 79' lang='lat' dir='ltr'><strong>Utilior</strong></span> <span class='ocrx_word' id='word_1_78' title='bbox 205 1039 282 1095; x_wconf 83' lang='lat' dir='ltr'><strong>vobis</strong></span> <span class='ocrx_word' id='word_1_79' title='bbox 292 1038 377 1096; x_wconf 85' lang='lat' dir='ltr'><strong>iactus</strong></span> <span class='ocrx_word' id='word_1_80' title='bbox 387 1041 491 1096; x_wconf 90' lang='lat' dir='ltr'><strong>amicus</strong></span> <span class='ocrx_word' id='word_1_81' title='bbox 501 1042 560 1096; x_wconf 86' lang='lat' dir='ltr'><strong>erit.</strong></span> <span class='ocrx_word' id='word_1_82' title='bbox 829 1055 868 1097; x_wconf 84' lang='grc'><strong>555</strong></span> 
     </span>
     <span class='ocr_line' id='line_1_14' title="bbox 60 1114 739 1189; baseline 0.001 -18"><span class='ocrx_word' id='word_1_83' title='bbox 60 1115 141 1180; x_wconf 83' lang='lat' dir='ltr'><strong>Huic,</strong></span> <span class='ocrx_word' id='word_1_84' title='bbox 162 1114 187 1169; x_wconf 92' lang='lat' dir='ltr'><strong>si</strong></span> <span class='ocrx_word' id='word_1_85' title='bbox 196 1122 266 1171; x_wconf 84' lang='lat' dir='ltr'><strong>sorte</strong></span> <span class='ocrx_word' id='word_1_86' title='bbox 274 1115 361 1181; x_wconf 83' lang='lat' dir='ltr'><strong>bibes,</strong></span> <span class='ocrx_word' id='word_1_87' title='bbox 383 1123 480 1171; x_wconf 87' lang='lat' dir='ltr'><strong>sortem</strong></span> <span class='ocrx_word' id='word_1_88' title='bbox 488 1115 601 1172; x_wconf 84' lang='lat' dir='ltr'><strong>concede</strong></span> <span class='ocrx_word' id='word_1_89' title='bbox 609 1116 739 1189; x_wconf 88' lang='lat' dir='ltr'><strong>priorem:</strong></span> 
     </span>
     <span class='ocr_line' id='line_1_15' title="bbox 98 1189 610 1263; baseline 0.006 -18"><span class='ocrx_word' id='word_1_90' title='bbox 98 1189 166 1246; x_wconf 91' lang='lat' dir='ltr'><strong>huic</strong></span> <span class='ocrx_word' id='word_1_91' title='bbox 174 1190 252 1245; x_wconf 86' lang='lat' dir='ltr'><strong>detur</strong></span> <span class='ocrx_word' id='word_1_92' title='bbox 260 1191 341 1263; x_wconf 87' lang='lat' dir='ltr'><strong>capiti</strong></span> <span class='ocrx_word' id='word_1_93' title='bbox 351 1191 439 1246; x_wconf 89' lang='lat' dir='ltr'><strong>demta</strong></span> <span class='ocrx_word' id='word_1_94' title='bbox 449 1209 545 1249; x_wconf 84' lang='lat' dir='ltr'><strong>corona</strong></span> <span class='ocrx_word' id='word_1_95' title='bbox 554 1199 610 1250; x_wconf 87' lang='lat' dir='ltr'><strong>tuo.</strong></span> 
     </span>
     <span class='ocr_line' id='line_1_16' title="bbox 60 1265 739 1341; baseline 0 -19"><span class='ocrx_word' id='word_1_96' title='bbox 60 1266 125 1323; x_wconf 88' lang='lat' dir='ltr'><strong>Sive</strong></span> <span class='ocrx_word' id='word_1_97' title='bbox 135 1267 171 1321; x_wconf 87' lang='lat' dir='ltr'><strong>sit</strong></span> <span class='ocrx_word' id='word_1_98' title='bbox 179 1265 296 1331; x_wconf 79' lang='lat' dir='ltr'><strong>inferior,</strong></span> <span class='ocrx_word' id='word_1_99' title='bbox 317 1284 433 1339; x_wconf 83' lang='lat' dir='ltr'><strong>seupar,</strong></span> <span class='ocrx_word' id='word_1_100' title='bbox 453 1268 527 1341; x_wconf 88' lang='lat' dir='ltr'><strong>prior</strong></span> <span class='ocrx_word' id='word_1_101' title='bbox 536 1268 626 1324; x_wconf 88' lang='lat' dir='ltr'><strong>omnia</strong></span> <span class='ocrx_word' id='word_1_102' title='bbox 636 1276 739 1323; x_wconf 88' lang='lat' dir='ltr'><strong>sumat:</strong></span> 
     </span>
     <span class='ocr_line' id='line_1_17' title="bbox 100 1340 636 1415; baseline 0.002 -18"><span class='ocrx_word' id='word_1_103' title='bbox 100 1359 155 1397; x_wconf 88' lang='lat' dir='ltr'><strong>neu</strong></span> <span class='ocrx_word' id='word_1_104' title='bbox 164 1340 271 1398; x_wconf 84' lang='lat' dir='ltr'><strong>dubites</strong></span> <span class='ocrx_word' id='word_1_105' title='bbox 280 1340 320 1396; x_wconf 92' lang='lat' dir='ltr'><strong>illi</strong></span> <span class='ocrx_word' id='word_1_106' title='bbox 331 1343 412 1398; x_wconf 83' lang='lat' dir='ltr'><strong>verba</strong></span> <span class='ocrx_word' id='word_1_107' title='bbox 423 1343 542 1399; x_wconf 88' lang='lat' dir='ltr'><strong>secunda</strong></span> <span class='ocrx_word' id='word_1_108' title='bbox 551 1343 636 1415; x_wconf 88' lang='lat' dir='ltr'><strong>loqui.</strong></span> 
     </span>
     <span class='ocr_line' id='line_1_18' title="bbox 61 1416 867 1494; baseline -0.001 -22"><span class='ocrx_word' id='word_1_109' title='bbox 61 1417 143 1494; x_wconf 89' lang='lat' dir='ltr'><strong>[Tuta</strong></span> <span class='ocrx_word' id='word_1_110' title='bbox 153 1416 333 1491; x_wconf 76' lang='lat' dir='ltr'><strong>frequensque</strong></span> <span class='ocrx_word' id='word_1_111' title='bbox 341 1419 385 1474; x_wconf 86' lang='lat' dir='ltr'><strong>via</strong></span> <span class='ocrx_word' id='word_1_112' title='bbox 395 1426 444 1484; x_wconf 86' lang='lat' dir='ltr'><strong>est,</strong></span> <span class='ocrx_word' id='word_1_113' title='bbox 458 1436 506 1490; x_wconf 90' lang='lat' dir='ltr'><strong>per</strong></span> <span class='ocrx_word' id='word_1_114' title='bbox 516 1417 596 1473; x_wconf 87' lang='lat' dir='ltr'><strong>amici</strong></span> <span class='ocrx_word' id='word_1_115' title='bbox 605 1416 696 1472; x_wconf 88' lang='lat' dir='ltr'><strong>fallere</strong></span> <span class='ocrx_word' id='word_1_116' title='bbox 705 1435 812 1472; x_wconf 87' lang='lat' dir='ltr'><strong>nomcn.</strong></span> <span class='ocrx_word' id='word_1_117' title='bbox 829 1429 867 1471; x_wconf 80' lang='grc'><strong>555</strong></span> 
     </span>
     <span class='ocr_line' id='line_1_19' title="bbox 100 1490 763 1566; baseline -0.003 -18"><span class='ocrx_word' id='word_1_118' title='bbox 100 1494 170 1548; x_wconf 86' lang='lat' dir='ltr'><strong>Tuta</strong></span> <span class='ocrx_word' id='word_1_119' title='bbox 182 1492 361 1566; x_wconf 80' lang='lat' dir='ltr'><strong>frequensque</strong></span> <span class='ocrx_word' id='word_1_120' title='bbox 371 1493 432 1548; x_wconf 84' lang='lat' dir='ltr'><strong>licet</strong></span> <span class='ocrx_word' id='word_1_121' title='bbox 441 1495 476 1548; x_wconf 88' lang='lat' dir='ltr'><strong>sit</strong></span> <span class='ocrx_word' id='word_1_122' title='bbox 485 1493 544 1562; x_wconf 82' lang='lat' dir='ltr'><strong>via3</strong></span> <span class='ocrx_word' id='word_1_123' title='bbox 565 1492 667 1547; x_wconf 87' lang='lat' dir='ltr'><strong>crimen</strong></span> <span class='ocrx_word' id='word_1_124' title='bbox 674 1490 763 1546; x_wconf 87' lang='lat' dir='ltr'><strong>habet.</strong></span> 
     </span>
     <span class='ocr_line' id='line_1_20' title="bbox 60 1566 772 1642; baseline -0.006 -17"><span class='ocrx_word' id='word_1_125' title='bbox 60 1568 128 1625; x_wconf 89' lang='lat' dir='ltr'><strong>lude</strong></span> <span class='ocrx_word' id='word_1_126' title='bbox 136 1576 290 1641; x_wconf 87' lang='lat' dir='ltr'><strong>procurator</strong></span> <span class='ocrx_word' id='word_1_127' title='bbox 299 1568 416 1625; x_wconf 90' lang='lat' dir='ltr'><strong>nimium</strong></span> <span class='ocrx_word' id='word_1_128' title='bbox 429 1584 537 1642; x_wconf 84' lang='lat' dir='ltr'><strong>quaque</strong></span> <span class='ocrx_word' id='word_1_129' title='bbox 546 1566 631 1623; x_wconf 86' lang='lat' dir='ltr'><strong>multa</strong></span> <span class='ocrx_word' id='word_1_130' title='bbox 639 1575 772 1640; x_wconf 83' lang='lat' dir='ltr'><strong>procurat,</strong></span> 
     </span>
     <span class='ocr_line' id='line_1_21' title="bbox 35 1641 652 1719; baseline -0.003 -19"><span class='ocrx_word' id='word_1_131' title='bbox 35 1672 39 1679; x_wconf 92' lang='lat'>·</span> <span class='ocrx_word' id='word_1_132' title='bbox 99 1653 126 1700; x_wconf 85' lang='lat' dir='ltr'><strong>et</strong></span> <span class='ocrx_word' id='word_1_133' title='bbox 135 1644 189 1699; x_wconf 89' lang='lat' dir='ltr'><strong>sibi</strong></span> <span class='ocrx_word' id='word_1_134' title='bbox 200 1644 333 1700; x_wconf 85' lang='lat' dir='ltr'><strong>mandatis</strong></span> <span class='ocrx_word' id='word_1_135' title='bbox 343 1643 422 1716; x_wconf 90' lang='lat' dir='ltr'><strong>plura</strong></span> <span class='ocrx_word' id='word_1_136' title='bbox 433 1643 547 1701; x_wconf 87' lang='lat' dir='ltr'><strong>videnda</strong></span> <span class='ocrx_word' id='word_1_137' title='bbox 555 1641 652 1719; x_wconf 82' lang='lat' dir='ltr'><strong>putat]</strong></span> 
     </span>
     <span class='ocr_line' id='line_1_22' title="bbox 60 1717 700 1778; baseline -0.008 0"><span class='ocrx_word' id='word_1_138' title='bbox 60 1721 139 1778; x_wconf 86' lang='lat' dir='ltr'><strong>Certa</strong></span> <span class='ocrx_word' id='word_1_139' title='bbox 149 1719 199 1774; x_wconf 85' lang='lat' dir='ltr'><strong>tibi</strong></span> <span class='ocrx_word' id='word_1_140' title='bbox 209 1737 225 1774; x_wconf 89' lang='lat' dir='ltr'><strong>a</strong></span> <span class='ocrx_word' id='word_1_141' title='bbox 234 1720 312 1775; x_wconf 88' lang='lat' dir='ltr'><strong>nobis</strong></span> <span class='ocrx_word' id='word_1_142' title='bbox 321 1719 428 1776; x_wconf 87' lang='lat' dir='ltr'><strong>dabitur</strong></span> <span class='ocrx_word' id='word_1_143' title='bbox 438 1738 564 1776; x_wconf 89' lang='lat' dir='ltr'><strong>mensura</strong></span> <span class='ocrx_word' id='word_1_144' title='bbox 574 1717 700 1775; x_wconf 87' lang='lat' dir='ltr'><strong>bibendi.-</strong></span> 
     </span>
     <span class='ocr_line' id='line_1_23' title="bbox 99 1794 867 1869; baseline -0.003 -18"><span class='ocrx_word' id='word_1_145' title='bbox 99 1794 221 1852; x_wconf 86' lang='lat' dir='ltr'><strong>officium</strong></span> <span class='ocrx_word' id='word_1_146' title='bbox 231 1802 364 1868; x_wconf 84' lang='lat' dir='ltr'><strong>praestent</strong></span> <span class='ocrx_word' id='word_1_147' title='bbox 374 1813 504 1869; x_wconf 90' lang='lat' dir='ltr'><strong>mensque</strong></span> <span class='ocrx_word' id='word_1_148' title='bbox 513 1795 649 1868; x_wconf 88' lang='lat' dir='ltr'><strong>pedesque</strong></span> <span class='ocrx_word' id='word_1_149' title='bbox 658 1812 751 1851; x_wconf 89' lang='lat' dir='ltr'><strong>suum.</strong></span> <span class='ocrx_word' id='word_1_150' title='bbox 829 1807 867 1849; x_wconf 88' lang='grc'><strong>555</strong></span> 
     </span>
     <span class='ocr_line' id='line_1_24' title="bbox 62 1870 678 1945; baseline -0.003 -18"><span class='ocrx_word' id='word_1_151' title='bbox 62 1870 154 1945; x_wconf 84' lang='lat' dir='ltr'><strong>Iurgia</strong></span> <span class='ocrx_word' id='word_1_152' title='bbox 163 1870 314 1942; x_wconf 84' lang='lat' dir='ltr'><strong>praecipue,</strong></span> <span class='ocrx_word' id='word_1_153' title='bbox 335 1870 558 1935; x_wconf 81' lang='lat' dir='ltr'><strong>vinastimulata,</strong></span> <span class='ocrx_word' id='word_1_154' title='bbox 578 1877 678 1935; x_wconf 84' lang='lat' dir='ltr'><strong>caveto,</strong></span> 
     </span>
     <span class='ocr_line' id='line_1_25' title="bbox 100 1944 661 2002; baseline 0 -1"><span class='ocrx_word' id='word_1_155' title='bbox 100 1953 127 2001; x_wconf 91' lang='lat' dir='ltr'><strong>et</strong></span> <span class='ocrx_word' id='word_1_156' title='bbox 138 1945 255 2002; x_wconf 89' lang='lat' dir='ltr'><strong>nimium</strong></span> <span class='ocrx_word' id='word_1_157' title='bbox 265 1944 355 2001; x_wconf 79' lang='lat' dir='ltr'><strong>faciles</strong></span> <span class='ocrx_word' id='word_1_158' title='bbox 366 1946 400 2002; x_wconf 91' lang='lat' dir='ltr'><strong>ad</strong></span> <span class='ocrx_word' id='word_1_159' title='bbox 410 1945 465 2002; x_wconf 85' lang='lat' dir='ltr'><strong>iera</strong></span> <span class='ocrx_word' id='word_1_160' title='bbox 473 1944 543 2001; x_wconf 90' lang='lat' dir='ltr'><strong>bella</strong></span> <span class='ocrx_word' id='word_1_161' title='bbox 553 1964 661 2001; x_wconf 88' lang='lat' dir='ltr'><strong>manus.</strong></span> 
     </span>
     <span class='ocr_line' id='line_1_26' title="bbox 61 2020 675 2096; baseline -0.003 -19"><span class='ocrx_word' id='word_1_162' title='bbox 61 2020 167 2078; x_wconf 87' lang='lat' dir='ltr'><strong>Occidit</strong></span> <span class='ocrx_word' id='word_1_163' title='bbox 174 2021 307 2096; x_wconf 81' lang='lat' dir='ltr'><strong>Eurytion</strong></span> <span class='ocrx_word' id='word_1_164' title='bbox 317 2021 396 2077; x_wconf 86' lang='lat' dir='ltr'><strong>stulte</strong></span> <span class='ocrx_word' id='word_1_165' title='bbox 406 2022 466 2077; x_wconf 89' lang='lat' dir='ltr'><strong>data</strong></span> <span class='ocrx_word' id='word_1_166' title='bbox 476 2022 539 2077; x_wconf 83' lang='lat' dir='ltr'><strong>viua</strong></span> <span class='ocrx_word' id='word_1_167' title='bbox 549 2021 675 2078; x_wconf 87' lang='lat' dir='ltr'><strong>bibendo.</strong></span> 
     </span>
     <span class='ocr_line' id='line_1_27' title="bbox 99 2095 673 2170; baseline 0 -18"><span class='ocrx_word' id='word_1_168' title='bbox 99 2096 194 2169; x_wconf 77' lang='lat' dir='ltr'><strong>Aptior</strong></span> <span class='ocrx_word' id='word_1_169' title='bbox 203 2104 243 2151; x_wconf 82' lang='lat' dir='ltr'><strong>est</strong></span> <span class='ocrx_word' id='word_1_170' title='bbox 252 2095 324 2152; x_wconf 90' lang='lat' dir='ltr'><strong>dulci</strong></span> <span class='ocrx_word' id='word_1_171' title='bbox 334 2115 428 2153; x_wconf 89' lang='lat' dir='ltr'><strong>mensa</strong></span> <span class='ocrx_word' id='word_1_172' title='bbox 437 2115 597 2170; x_wconf 89' lang='lat' dir='ltr'><strong>merumque</strong></span> <span class='ocrx_word' id='word_1_173' title='bbox 607 2097 673 2154; x_wconf 89' lang='lat' dir='ltr'><strong>icco.</strong></span> 
     </span>
     <span class='ocr_line' id='line_1_28' title="bbox 61 2171 868 2240; baseline -0.006 -11"><span class='ocrx_word' id='word_1_174' title='bbox 61 2172 90 2229; x_wconf 90' lang='lat' dir='ltr'><strong>Si</strong></span> <span class='ocrx_word' id='word_1_175' title='bbox 101 2189 156 2229; x_wconf 85' lang='lat' dir='ltr'><strong>vox</strong></span> <span class='ocrx_word' id='word_1_176' title='bbox 164 2178 214 2238; x_wconf 83' lang='lat' dir='ltr'><strong>est,</strong></span> <span class='ocrx_word' id='word_1_177' title='bbox 235 2179 327 2227; x_wconf 88' lang='lat' dir='ltr'><strong>canta:</strong></span> <span class='ocrx_word' id='word_1_178' title='bbox 349 2173 373 2227; x_wconf 92' lang='lat' dir='ltr'><strong>si</strong></span> <span class='ocrx_word' id='word_1_179' title='bbox 383 2171 473 2228; x_wconf 86' lang='lat' dir='ltr'><strong>mollia</strong></span> <span class='ocrx_word' id='word_1_180' title='bbox 484 2172 603 2240; x_wconf 85' lang='lat' dir='ltr'><strong>brachia,</strong></span> <span class='ocrx_word' id='word_1_181' title='bbox 623 2172 704 2239; x_wconf 76' lang='lat' dir='ltr'><strong>salta3</strong></span> <span class='ocrx_word' id='word_1_182' title='bbox 830 2183 868 2224; x_wconf 90' lang='grc'><strong>555</strong></span> 
     </span>
     <span class='ocr_line' id='line_1_29' title="bbox 98 2246 701 2321; baseline -0.007 -18"><span class='ocrx_word' id='word_1_183' title='bbox 98 2255 135 2314; x_wconf 79' lang='lat' dir='ltr'><strong>et,</strong></span> <span class='ocrx_word' id='word_1_184' title='bbox 155 2264 319 2321; x_wconf 88' lang='lat' dir='ltr'><strong>quacunque</strong></span> <span class='ocrx_word' id='word_1_185' title='bbox 328 2256 401 2320; x_wconf 84' lang='lat' dir='ltr'><strong>potes</strong></span> <span class='ocrx_word' id='word_1_186' title='bbox 411 2247 470 2304; x_wconf 89' lang='lat' dir='ltr'><strong>dote</strong></span> <span class='ocrx_word' id='word_1_187' title='bbox 480 2246 597 2320; x_wconf 84' lang='lat' dir='ltr'><strong>placere,</strong></span> <span class='ocrx_word' id='word_1_188' title='bbox 617 2249 701 2321; x_wconf 84' lang='lat' dir='ltr'><strong>place.</strong></span> 
     </span>
     <span class='ocr_line' id='line_1_30' title="bbox 62 2322 647 2389; baseline -0.003 -10"><span class='ocrx_word' id='word_1_189' title='bbox 62 2323 186 2379; x_wconf 84' lang='lat' dir='ltr'><strong>Ebrietas</strong></span> <span class='ocrx_word' id='word_1_190' title='bbox 198 2331 230 2378; x_wconf 86' lang='lat' dir='ltr'><strong>ut</strong></span> <span class='ocrx_word' id='word_1_191' title='bbox 238 2341 300 2379; x_wconf 88' lang='lat' dir='ltr'><strong>vera</strong></span> <span class='ocrx_word' id='word_1_192' title='bbox 311 2330 395 2389; x_wconf 84' lang='lat' dir='ltr'><strong>nocet,</strong></span> <span class='ocrx_word' id='word_1_193' title='bbox 416 2322 456 2378; x_wconf 90' lang='lat' dir='ltr'><strong>sic</strong></span> <span class='ocrx_word' id='word_1_194' title='bbox 464 2323 524 2378; x_wconf 83' lang='lat' dir='ltr'><strong>ficta</strong></span> <span class='ocrx_word' id='word_1_195' title='bbox 533 2324 647 2381; x_wconf 88' lang='lat' dir='ltr'><strong>iuvabit.</strong></span> 
     </span>
     <span class='ocr_line' id='line_1_31' title="bbox 99 2397 673 2474; baseline -0.005 -21"><span class='ocrx_word' id='word_1_196' title='bbox 99 2400 154 2454; x_wconf 85' lang='lat' dir='ltr'><strong>Fac</strong></span> <span class='ocrx_word' id='word_1_197' title='bbox 163 2398 258 2454; x_wconf 85' lang='lat' dir='ltr'><strong>titubet</strong></span> <span class='ocrx_word' id='word_1_198' title='bbox 267 2398 357 2453; x_wconf 91' lang='lat' dir='ltr'><strong>blaeso</strong></span> <span class='ocrx_word' id='word_1_199' title='bbox 367 2397 480 2454; x_wconf 87' lang='lat' dir='ltr'><strong>subdola</strong></span> <span class='ocrx_word' id='word_1_200' title='bbox 491 2399 584 2474; x_wconf 78' lang='lat' dir='ltr'><strong>lingua</strong></span> <span class='ocrx_word' id='word_1_201' title='bbox 593 2414 673 2454; x_wconf 85' lang='lat' dir='ltr'><strong>sono:</strong></span> 
     </span>
     <span class='ocr_line' id='line_1_32' title="bbox 61 2471 722 2547; baseline -0.008 -18"><span class='ocrx_word' id='word_1_202' title='bbox 61 2482 96 2541; x_wconf 86' lang='lat' dir='ltr'><strong>et,</strong></span> <span class='ocrx_word' id='word_1_203' title='bbox 117 2473 254 2547; x_wconf 89' lang='lat' dir='ltr'><strong>quidquid</strong></span> <span class='ocrx_word' id='word_1_204' title='bbox 264 2473 336 2528; x_wconf 89' lang='lat' dir='ltr'><strong>dices</strong></span> <span class='ocrx_word' id='word_1_205' title='bbox 345 2471 458 2529; x_wconf 79' lang='lat' dir='ltr'><strong>faciesve</strong></span> <span class='ocrx_word' id='word_1_206' title='bbox 466 2475 617 2546; x_wconf 87' lang='lat' dir='ltr'><strong>protervius</strong></span> <span class='ocrx_word' id='word_1_207' title='bbox 627 2486 722 2543; x_wconf 85' lang='lat' dir='ltr'><strong>aequo,</strong></span> 
     </span>
     <span class='ocr_line' id='line_1_33' title="bbox 98 2548 867 2605; baseline -0.008 0"><span class='ocrx_word' id='word_1_208' title='bbox 98 2549 223 2605; x_wconf 87' lang='lat' dir='ltr'><strong>credatur</strong></span> <span class='ocrx_word' id='word_1_209' title='bbox 233 2549 349 2605; x_wconf 86' lang='lat' dir='ltr'><strong>nimium</strong></span> <span class='ocrx_word' id='word_1_210' title='bbox 360 2565 455 2604; x_wconf 87' lang='lat' dir='ltr'><strong>caussa</strong></span> <span class='ocrx_word' id='word_1_211' title='bbox 466 2548 551 2605; x_wconf 83' lang='lat' dir='ltr'><strong>fuisse</strong></span> <span class='ocrx_word' id='word_1_212' title='bbox 561 2565 676 2603; x_wconf 87' lang='lat' dir='ltr'><strong>merum.</strong></span> <span class='ocrx_word' id='word_1_213' title='bbox 830 2559 867 2600; x_wconf 84' lang='grc'><strong>555</strong></span> 
     </span>
     <span class='ocr_line' id='line_1_34' title="bbox 63 2622 816 2697; baseline -0.008 -15"><span class='ocrx_word' id='word_1_214' title='bbox 63 2626 104 2692; x_wconf 80' lang='lat' dir='ltr'><strong>Et,</strong></span> <span class='ocrx_word' id='word_1_215' title='bbox 115 2626 197 2691; x_wconf 82' lang='lat' dir='ltr'><strong>Rene,</strong></span> <span class='ocrx_word' id='word_1_216' title='bbox 209 2623 262 2691; x_wconf 91' lang='lat' dir='ltr'><strong>dic,</strong></span> <span class='ocrx_word' id='word_1_217' title='bbox 269 2623 408 2694; x_wconf 89' lang='lat' dir='ltr'><strong>dominae;</strong></span> <span class='ocrx_word' id='word_1_218' title='bbox 419 2624 497 2694; x_wconf 82' lang='lat' dir='ltr'><strong>bene,</strong></span> <span class='ocrx_word' id='word_1_219' title='bbox 504 2641 568 2681; x_wconf 90' lang='lat' dir='ltr'><strong>cum</strong></span> <span class='ocrx_word' id='word_1_220' title='bbox 575 2622 816 2697; x_wconf 77' lang='lat' dir='ltr'><strong>quodormietilla·.</strong></span> 
     </span>
    </p>
   </div>
   <div class='ocr_carea' id='block_1_3' title="bbox 0 0 938 2962">
    <p class='ocr_par' dir='ltr' id='par_1_3' title="bbox 0 0 938 2962">
     <span class='ocr_line' id='line_1_35' title="bbox 0 0 938 2962; baseline 0 0"><span class='ocrx_word' id='word_1_221' title='bbox 0 0 938 2962; x_wconf 95' lang='lat' dir='ltr'><strong> </strong></span> 
     </span>
    </p>
   </div>
  </div>
 </body>
</html>
