1868 2962
127 148 170 201 ὅθ’
325 154 353 199 Ρ.
375 151 503 199 ovum
520 151 690 199 NASONIS

73 268 112 311 111
164 252 227 320 illic,
239 252 287 326 qui
297 251 394 319 silices,
406 252 516 319 Thesea,
527 253 625 319 vincat,
636 251 729 306 habes.

128 326 254 385 Crudeles
263 328 361 395 somni,
371 328 439 401 quid
449 345 492 382 me
501 328 624 383 tenuistis
634 324 764 381 inertem?

166 405 201 459 At
209 401 290 458 semel
300 409 405 459 aeterna
415 410 490 459 nocte
498 402 643 476 premenda
653 400 704 457 fui.
721 460 724 469 ,

129 481 182 536 Vos
191 495 299 552 queque
307 478 437 545 crudeles,
447 479 530 544 venti,
543 478 714 550 nimiumque
722 476 818 549 parati,

166 553 327 626 llaminaque
337 554 365 609 in
376 553 499 609 lacrimas
508 552 625 610 officiosa
635 568 719 608 meas.

74 641 113 684 115
127 631 238 685 Dextera
247 627 372 695 crudelis,
383 646 453 702 quas
466 647 509 684 me
517 627 680 701 fratremque
690 628 809 683 necavit.

167 712 193 760 et
201 704 261 760 data
270 705 398 778 poscenti,
410 721 508 761 nomen
519 704 608 769 inane,
620 703 696 759 fides.

130 784 161 836 ln
170 797 214 835 me
223 780 347 836 iurarunt
355 798 468 837 somnus
478 787 630 852 ventusque
640 777 771 850 fidesque.

166 855 271 911 Prodita
281 873 343 910 sum
353 856 456 911 caussis
465 872 520 911 una
529 853 618 928 puella
628 854 725 909 tribus.

129 932 316 1006 Ergoegonec
326 929 448 986 lacrimas
457 931 551 987 matris
560 930 688 986 moritura
698 927 809 998 videb03

76 1019 114 1062 111
169 1023 227 1072 nec,
238 1024 296 1062 mea
306 1006 355 1078 qui
365 1006 457 1082 digitis
467 1006 570 1062 lumina
579 1003 684 1070 condat,
695 1002 765 1059 erit?
788 1069 795 1080 ι

130 1081 245 1155 Spiritus
254 1079 348 1138 infelix
357 1082 512 1158 peregrinas
521 1081 572 1137 ibit
580 1081 609 1136 in
619 1096 708 1146 auras,

168 1173 217 1212 nec
226 1157 326 1230 positos
336 1165 411 1213 artas
419 1164 503 1233 unget
511 1157 597 1212 amica
607 1153 724 1212 manual

131 1232 198 1288 Ossa
207 1232 398 1304 superstabunt
406 1232 528 1289 volucres
537 1232 677 1287 inhumata
690 1227 829 1285 marinae?

169 1309 237 1363 llaec
247 1315 312 1364 suut
320 1305 416 1364 ciliciis
428 1306 510 1383 digna
519 1305 641 1381 sepulcra
651 1303 737 1361 meisi

77 1397 115 1438 tas
129 1383 183 1438 Ibis
193 1382 332 1456 Cecropios
340 1389 443 1456 portus,
454 1382 593 1456 patriaque
602 1389 723 1454 receptis

168 1474 255 1532 quum
265 1459 367 1515 steteris
376 1458 452 1515 urbis
461 1457 549 1514 celsus
558 1458 588 1515 in
597 1475 656 1513 aree
664 1465 735 1523 tuae,

49 1574 53 1581 -
131 1542 157 1590 et
165 1534 232 1591 bena
241 1533 363 1591 narmbis
373 1534 456 1591 letum
466 1535 589 1608 taurique
598 1533 713 1606 virique,
790 1593 793 1597 a

169 1619 293 1684 sectaque
304 1628 352 1683 per
361 1609 459 1665 dubias
466 1627 548 1666 saxea
561 1616 628 1665 tecta
638 1608 711 1678 vias3

132 1703 176 1740 me
185 1703 293 1758 quoque
303 1692 408 1741 narrato
418 1684 503 1741 solam
513 1683 607 1739 tellure
616 1682 745 1740 relictam.

77 1775 115 1817 111
168 1762 227 1817 Nou
236 1778 285 1835 ego
295 1777 358 1815 sum
368 1759 453 1815 titulis
463 1758 705 1832 surripiendatuis.

132 1836 187 1891 Nee
196 1843 269 1907 pater
278 1843 318 1890 est
326 1834 445 1910 Aegeum
467 1853 515 1891 nec
524 1844 555 1890 tu
564 1833 709 1890 Pittheidos
718 1832 832 1889 Aethrae

170 1911 256 1966 filius:
277 1918 395 1967 auctores
408 1928 472 1966 saxa
483 1910 634 1983 fretumque
643 1909 694 1965 tui.

132 1986 163 2041 Di
173 1985 294 2051 lacerent,
306 1994 336 2041 ut
345 2004 388 2041 me
398 2004 505 2043 summa
514 1986 547 2042 de
557 2003 648 2058 puppe
657 1983 774 2040 videresi

170 2060 296 2119 Movisset
304 2061 395 2117 vultus
405 2070 505 2118 moesta
516 2063 602 2137 ligura
612 2070 681 2116 tuos.

79 2149 117 2192 135
132 2138 211 2193 Nunc
220 2153 328 2210 quoque
337 2154 392 2192 non
403 2137 502 2205 oculis,
515 2137 579 2203 sed,
600 2153 654 2209 qua
667 2142 750 2208 potes,
772 2133 873 2206 adspice

612 2218 701 2267 mente

172 2288 321 2345 haerentem
332 2287 451 2358 scopula,
462 2305 545 2360 quam
557 2305 625 2361 vaga
634 2285 725 2359 pulsat
733 2300 813 2357 aqua.

134 2362 248 2436 Adspice
256 2361 386 2418 demissos
397 2359 513 2437 lugentis
526 2379 598 2418 more
607 2361 727 2434 capillos,

172 2446 198 2494 st
206 2439 311 2494 tunicas
322 2437 448 2504 lacrimis,
459 2438 529 2492 sicut
539 2438 572 2492 ab
583 2439 677 2502 imb're,
688 2452 795 2510 graves.

26 2563 28 2566 ,
135 2513 248 2586 Corpus,
259 2523 290 2569 ut
299 2513 432 2586 impulsae
441 2521 543 2588 segetes
553 2511 743 2585 Aquilonibus,
757 2510 861 2565 horret:

81 2600 119 2643 111
172 2587 300 2662 literaque
309 2589 420 2647 articulo
428 2605 520 2665 pressa
531 2597 657 2644 tremente
667 2585 747 2641 labat.

117 2664 183 2718 Noa
192 2671 279 2738 tepet
285 2667 429 2739 meritum,
440 2665 577 2744 quoniam
585 2664 658 2721 male
665 2660 758 2725 cessit„
765 2660 858 2713 ausae.
