1868 2962
155 157 204 210 246
343 160 371 206 ι’.
392 158 711 207 0v1u11uasou1s
743 148 746 153 '

101 272 139 320 tlt
155 265 206 319 Fac
215 262 264 316 tibi
274 266 446 317 consuescat:
468 259 535 315 nihil
547 259 723 316 assuetudine
731 260 827 317 maius.

192 337 280 404 Quam
289 345 319 392 tu
329 335 396 392 dum
409 336 508 408 capias,
528 335 614 390 taedia
625 334 701 391 nulla
711 335 785 410 hage.
928 360 930 395 :

156 415 192 467 Te
202 429 308 483 semper
317 411 418 467 videat:
441 411 489 466 tibi
500 428 605 482 semper
616 411 743 482 praebeat
752 428 840 467 aures:

193 487 317 543 exhibeat
330 487 420 543 vultus
431 504 538 558 noxque
547 486 660 558 diesque
671 495 742 542 tuos.

157 564 248 631 Quum
259 563 308 618 tibi
320 563 403 617 maior
416 562 465 616 erit
475 562 582 627 fiducia,
603 578 685 633 posse
697 561 813 634 requiri,

102 652 141 695 350
194 648 252 693 tum
261 638 364 710 procul,
385 637 487 692 absenti
497 654 561 692 cura
571 635 692 703 futurus,
712 639 777 692 eris.

157 717 194 769 Da
206 715 339 787 requiem;
361 713 498 785 requietus
508 730 570 787 ager
579 712 649 767 bene
658 711 758 767 credita
769 712 860 767 reddit:

196 799 317 862 terraque
327 788 451 843 coelestes
461 787 534 843 arida
547 788 637 843 sorbet
646 805 743 860 aquas.

159 863 281 939 Phyllida
291 863 461 935 Demophoon
472 880 597 934 praesens
612 863 798 918 moderantius
806 861 877 917 ussit:

195 939 293 995 exarsit
301 937 368 992 velis
378 937 466 992 acrius
475 937 521 992 illa
530 937 608 992 datis.

105 1028 143 1070 355
160 1014 317 1090 [Penelopen
328 1013 425 1068 absens
436 1011 530 1068 sollers
540 1013 679 1085 torquebat
688 1013 796 1069 Ulixes.

197 1088 363 1163 Phyllacides
373 1088 476 1154 aberat,
497 1087 650 1153 Laodamia,
671 1088 760 1165 tuus]

159 1166 210 1219 Sed
221 1183 294 1221 mora
304 1171 360 1219 tuta
371 1165 474 1221 brevis:
496 1163 646 1218 lentescunt
655 1171 775 1237 tempore
783 1181 868 1232 curae,

198 1240 368 1310 vanescitque
378 1240 484 1305 absens,
505 1246 531 1294 et
541 1256 627 1295 novus
638 1239 728 1307 intrat,
749 1258 833 1296 amor.

159 1317 229 1370 Dum
243 1313 378 1370 Menelaus
388 1314 472 1379 abest,
494 1314 601 1380 Helene,
624 1332 658 1370 ne
667 1315 724 1371 sola
735 1315 838 1372 iaceret.

106 1402 144 1445 350
197 1390 311 1463 hospitis
321 1397 361 1444 est
370 1389 458 1460 tepido
469 1399 544 1445 nocte
553 1397 655 1462 recepta
665 1391 739 1446 sinu.

160 1466 212 1533 Qui
223 1475 315 1538 stupor
325 1466 378 1530 hic,
399 1465 526 1530 Menelai,
548 1465 617 1521 luit‘?
635 1467 676 1521 Tu
688 1466 765 1523 solus
774 1468 873 1523 abibas:

198 1543 283 1597 isdem
294 1542 346 1598 sub
355 1541 429 1596 tectis
442 1541 540 1613 hospes
548 1551 575 1596 et
583 1559 651 1597 uxor
661 1551 747 1598 erant.

160 1617 286 1688 Accipitri
299 1618 406 1672 timidas
416 1617 511 1682 credis,
533 1616 641 1681 furiose,
662 1617 817 1683 columbas;

198 1693 309 1763 plenum
321 1700 447 1747 montano
455 1693 541 1747 credis
551 1691 621 1749 ovile
631 1691 705 1763 lupo.

107 1778 145 1821 355
161 1767 204 1819 Nil
215 1766 312 1821 Helene
322 1774 425 1838 peccat,
447 1767 485 1821 nil
497 1768 540 1822 hio
550 1767 692 1823 committit
701 1768 816 1824 adulter.

198 1842 274 1909 Quod
284 1850 323 1908 tu,
345 1841 416 1914 quod
427 1840 522 1898 laceret
530 1842 653 1915 quilibet,
674 1842 720 1898 ille
734 1843 806 1899 lacit.

161 1917 240 1990 Cogis
251 1918 423 1983 adulterium,
443 1917 532 1974 dando
541 1927 704 1991 tempusque
714 1918 864 1994 locumque.

198 1992 266 2058 Quo,
288 1994 340 2047 nisi
351 1993 463 2049 consilio
473 2002 512 2048 est
523 2012 570 2049 usa
581 1994 669 2067 puella
680 1993 747 2051 tuo?

160 2069 231 2136 Quid
242 2067 336 2122 faciat?
348 2069 488 2137 ViraHest3
505 2070 667 2126 etadestnon
675 2071 887 2142 rusticushospes

107 2155 145 2199 tto
198 2153 223 2200 et
234 2144 307 2198 timet
317 2143 345 2198 in
356 2161 441 2199 vacuo
450 2145 506 2200 sola
516 2147 613 2201 cubare
627 2154 693 2201 toro.

161 2221 262 2277 Viderit
275 2217 394 2274 Atrides:
415 2219 532 2275 Helenen
543 2239 592 2295 ego
602 2221 715 2277 crimine
725 2221 812 2278 solvo.

197 2298 250 2351 Usa
260 2303 300 2350 est
308 2294 421 2349 humani
432 2296 617 2352 commoditate
631 2297 693 2352 viri.

161 2370 212 2425 Sed
222 2387 309 2442 neque
318 2368 410 2424 fulvus
424 2388 487 2442 aper
497 2372 584 2428 media
599 2381 652 2427 tam
663 2390 762 2428 saevus
771 2373 801 2428 lu
815 2373 895 2428 iraest

199 2445 329 2501 fulmineo
339 2445 445 2500 rabidos
455 2464 541 2517 quum
552 2455 619 2504 rotat
630 2465 675 2504 ore
683 2465 779 2504 canes:

106 2530 146 2574 375
161 2538 210 2576 nec
220 2520 270 2588 lea,
291 2539 378 2594 quum
391 2521 486 2576 catulis
498 2522 655 2579 lactentibus
664 2523 748 2578 ubera
757 2525 877 2595 praebet:

193 2617 244 2656 nec
253 2599 350 2657 brevis
362 2600 459 2678 ignaro
469 2597 735 2671 npeiatnesanme

141 2676 253 2741 lemica
266 2697 376 2758 quam,
402 2675 476 2738 socii
483 2665 812 2749 deprtusthblllffiffi*
