1868 2962
590 105 600 135 1

130 174 179 245 110
251 195 254 202 ·
327 194 357 238 1.
379 192 507 238 0111111
525 192 693 239 uasours

74 309 113 351 110
128 298 216 366 Turpe
225 293 274 349 tibi
284 300 337 358 est,
359 293 437 349 illum
447 311 556 349 caussas
565 292 696 366 depellere
707 292 762 361 leti,

165 382 189 425 te
199 378 289 424 contra
300 368 410 424 titulum
420 371 512 424 mortis
523 366 620 424 habere
630 387 714 424 meae.

127 444 282 517 Numquid,
303 444 332 499 in
345 445 472 501 umbroso
482 462 569 517 quum
580 445 661 499 velles
672 440 743 501 fonte
757 443 845 509 lavari,

165 520 324 592 imprudens
335 519 426 575 vuttus
437 520 471 575 ad
481 530 526 574 tua
538 519 610 574 labra
621 518 690 574 tuli?

128 596 287 651 Praeter-ime
297 604 357 650 tuas
367 595 400 650 de
410 603 447 650 101
456 595 615 650 caelestibus
626 593 705 650 aras?

14 687 17 693 ’
74 685 113 726 100
166 682 245 743 atque
255 680 299 725 tua
310 679 350 724 est
360 678 449 725 nostra
462 679 549 742 spreta
560 681 667 743 parente
677 669 793 742 parens?

129 748 171 802 Nil
183 765 231 821 ega
242 746 363 818 peccavi,
386 746 437 800 nisi
449 745 521 818 qnod
532 746 648 817 periuria
661 745 723 820 legi,

166 824 249 893 inque
260 838 354 893 parum
366 820 452 876 fausto
461 823 580 877 carmine
589 821 663 876 docta
673 820 723 875 fui.

129 901 168 952 Tu
179 913 288 970 qunque
299 913 346 967 pro
357 896 449 963 nobis,
471 897 494 951 si
504 915 557 952 nnn
569 895 691 951 mentiris
702 912 829 965 amorem,

167 981 223 1028 tura
236 971 318 1027 feras:
340 972 458 1042 prosint,
479 991 549 1045 quae
559 988 685 1037 nocuere,
707 988 816 1027 manus.

75 1061 113 1103 105
129 1048 193 1114 Cur,
214 1064 283 1119 quae
293 1056 443 1114 succenset,
465 1048 537 1122 quod
549 1047 636 1103 adhuc
646 1047 693 1102 tihi
705 1055 781 1119 pacta
791 1045 866 1120 puella

167 1141 220 1179 non
231 1131 276 1177 tua
287 1122 335 1188 sit,
357 1122 414 1177 fieri
425 1141 457 1178 ne
466 1133 510 1178 tna
522 1124 620 1195 possit,
642 1141 656 1177 a
676 1120 715 1177 it?

129 1198 226 1254 Omnia
235 1198 267 1252 de
277 1199 339 1252 viia
349 1199 397 1253 tibi
408 1209 471 1253 sant
481 1198 621 1271 speranda.
651 1139 818 1265 3011101011

166 1291 245 1329 saeva
255 1273 321 1327 mihi
333 1273 430 1337 vitam,
452 1291 527 1345 spem
538 1274 585 1329 tibi
596 1274 657 1328 diva
668 1269 741 1327 mei?

129 1351 183 1404 Nec
193 1359 222 1403 tu
234 1348 377 1403 credideris
388 1348 481 1414 illum,
502 1349 545 1403 cui
556 1349 673 1404 destinor
682 1366 760 1415 uxor,
798 1385 801 1389 -

75 1437 114 1480 100
167 1441 244 1498 aegra
255 1425 421 1497 superposita
432 1425 552 1480 membra
563 1424 650 1480 fovere
660 1442 754 1480 manu.

129 1501 235 1557 Assidet
245 1500 289 1555 ille
299 1498 425 1573 quidem,
446 1508 579 1574 quantum
589 1500 752 1574 permittitur
763 1500 828 1573 ipsi:

168 1577 215 1632 sed
225 1577 349 1632 meminit
358 1585 479 1633 nastrum
489 1575 605 1650 virginis
614 1593 672 1630 esse
682 1583 781 1631 torum.

130 1655 185 1708 Iam
198 1670 306 1725 qunque
319 1654 408 1708 nescio
420 1651 487 1725 quid
498 1652 531 1707 dc
541 1670 583 1706 me
593 1651 709 1707 sensisse
722 1650 828 1707 videtur

168 1746 231 1783 nam
244 1727 367 1782 lacrimae
376 1746 471 1783 caussa
481 1745 559 1799 saepe
569 1727 664 1782 latente
675 1726 786 1783 cadunt.

77 1816 115 1858 105
130 1805 164 1858 Ε1
175 1804 265 1856 minus
276 1802 399 1857 audacter
412 1803 563 1869 blanditur,
584 1813 610 1858 et
619 1801 710 1858 oscula
722 1820 781 1858 rara

168 1878 277 1949 accipit.
298 1887 323 1933 et
334 1879 427 1935 timido
437 1897 481 1935 me
490 1886 566 1935 vocat
574 1896 619 1935 cre
628 1895 717 1933 suam.

131 1957 184 2009 Nec
194 1955 277 2009 miror
286 1955 417 2021 sensisse,
439 1956 508 2011 notis
519 1972 606 2027 quum
616 1952 713 2027 prodar
723 1955 831 2027 apertis.

168 2031 197 2083 in
208 2030 332 2084 dextrum
341 2048 446 2096 versor,
468 2048 555 2104 quum
565 2031 639 2084 venit
648 2028 707 2096 ille,
729 2027 810 2086 lctus.

132 2108 184 2160 Nec
196 2104 304 2176 loquor,
325 2115 351 2160 et
360 2115 426 2162 tecto
437 2105 580 2161 simulatur
590 2105 694 2161 lumine
703 2122 832 2178 somnus3

77 2194 115 2237 200
167 2188 316 2253 captantem
326 2188 411 2237 tactus
420 2182 563 2254 reiicioqne
573 2198 695 2237 manum.

132 2259 260 2330 Ingemit,
281 2265 307 2312 01
316 2257 393 2313 tacita
404 2259 523 2330 suspirat
532 2266 650 2329 pectore:
672 2273 771 2329 meque

168 2332 311 2399 offensam,
332 2334 458 2405 quamvis
471 2352 525 2389 non
536 2340 682 2399 mereatur,
703 2332 794 2388 habet.

132 2408 179 2460 Hei
189 2409 274 2474 mihi,
295 2409 368 2482 quod
378 2408 494 2482 gaudes,
516 2409 660 2464 etteiuvat
669 2408 719 2463 ista
730 2407 865 2481 voluptas!

169 2483 216 2536 Hei
226 2485 309 2552 mihi,
330 2484 404 2557 quod
414 2492 510 2538 sensus
519 2501 582 2540 sum
592 2478 641 2540 tibi
651 2482 721 2538 fassa
732 2485 822 2540 mensi

45 2547 46 2552 ἵ
79 2568 117 2611 101
133 2555 160 2609 Si
172 2559 238 2612 mihi
249 2559 342 2636 lingua
353 2559 431 2627 soret,
453 2567 482 2614 tu
493 2569 582 2616 nostra
592 2559 691 2615 iustius
701 2559 751 2626 ira,

164 2635 215 2708 qui
224 2635 296 2694 mihi
306 2636 437 2695 tendebas
445 2635 530 2702 retia,
548 2635 580 2690 di
595 2646 744 2696 nuceras„
774 2703 776 2706 Ι

112 2708 242 2784 Scribis,
267 2706 842 2774 01111011001011001111’1111001οω1οἊ.
