1868 2962
260 109 471 159 HEROIDES.
500 114 555 159 ΕΡ.
570 115 601 159 11.
787 111 803 162 7

91 217 129 276 ut,
144 227 202 282 qua
211 209 352 278 desererer,
368 213 445 266 firma
454 214 542 268 carina
551 213 629 271 foret:

56 286 255 360 remigiumque
264 286 335 353 dedi,
348 305 403 359 quo
415 305 458 343 me
468 287 601 362 fugiturus
612 288 708 346 abires.

91 362 150 416 Heu
159 361 247 432 patior
256 360 315 416 telis
325 361 435 418 vulnera
445 361 512 418 lacta
522 364 601 418 meisi
647 423 649 427 ,

24 500 28 507 ‚
56 436 226 492 Credidimus
235 435 352 503 blandis,
363 455 479 510 quorum
489 437 538 493 tibi
548 438 632 510 eopia,
643 439 746 509 verbis3

91 510 257 567 credidimus
267 513 368 586 generi,
379 513 590 586 numinibusque
602 513 669 569 tuis:
832 529 857 570 se

55 585 220 642 credidimus
230 586 362 644 lacrimis:
383 606 418 644 an
427 589 511 644 ethae
520 587 649 644 simulare
658 588 804 645 docentur?
905 621 908 627 ·

93 662 803 736 hneqnequehabentartes,quaqueiubentur,eunt‘?

56 739 102 793 Dis
112 755 221 811 quoque
230 736 407 793 credidimus:
418 739 535 811 quoiam
545 739 699 813 tctpignora
709 739 804 795 uobis‘l

92 815 169 869 Parte
178 813 243 868 satis
254 812 328 885 potui
338 812 457 886 quelibet
465 814 527 869 inde
535 815 604 886 capi.

55 890 108 944 Nec
117 905 235 955 moveor,
246 887 421 960 quedteiuvi
429 897 561 961 portuque
571 889 693 962 loeoqiie:
832 902 857 944 55

92 964 186 1020 debuit
194 963 259 1019 haec
271 963 359 1018 meriti
368 980 475 1019 summa
484 963 567 1019 luisse
577 965 640 1020 mei.

56 1040 179 1112 Turpiter
188 1038 335 1110 hospitium
346 1036 411 1095 lecte
419 1039 570 1095 cumulasse
583 1040 664 1114 iugali

91 1115 218 1187 poenitet,
230 1118 256 1168 et
267 1113 341 1169 lateri
351 1115 516 1170 conseruisse
526 1114 604 1170 latus.

56 1189 129 1256 Quae
138 1187 191 1244 fuit
199 1195 260 1244 ente
270 1188 354 1255 illam,
366 1189 473 1245 mallem
483 1207 607 1262 suprema
616 1189 709 1247 fuisset

93 1283 147 1320 nox
158 1263 240 1330 mihi,
260 1263 327 1320 dum
337 1266 411 1338 potui
421 1265 524 1340 Phyllis
533 1265 643 1322 honesta
652 1270 728 1322 mori.
831 1281 855 1323 to

56 1339 166 1414 Speravi
176 1338 283 1406 melius,
295 1340 359 1413 quia
371 1358 414 1396 me
423 1340 553 1412 meruisse
563 1341 664 1413 putavi.

92 1413 285 1487 Quaecumque
294 1432 328 1471 ex
337 1417 430 1493 merito
440 1433 501 1488 spes
510 1417 592 1484 venit,
603 1433 688 1488 aequa
697 1419 779 1472 venit.

56 1490 159 1546 Fallere
167 1490 317 1546 credentem
328 1509 382 1546 non
391 1499 431 1545 est
439 1507 548 1562 operosa
557 1489 674 1561 puellam

92 1565 193 1641 gloria3
214 1565 370 1637 simplicitas
381 1566 462 1640 digna
472 1564 560 1620 levore
570 1564 630 1619 fuit.

56 1641 123 1697 Sum
132 1640 240 1713 decepta
251 1641 304 1696 tuis
314 1649 340 1696 et
348 1659 441 1696 amans
450 1648 476 1696 et
485 1639 584 1696 femina
593 1640 690 1696 verbis.
831 1655 856 1696 ne

91 1714 243 1783 liifaciant,
258 1715 344 1772 laudis
354 1734 461 1773 summa
474 1716 568 1772 sitista
578 1724 652 1772 tuae:

56 1792 126 1847 inter
134 1800 161 1847 et
168 1791 283 1866 Aegidas
293 1791 379 1847 media
390 1792 513 1848 statueris
523 1793 552 1847 in
560 1792 641 1846 urbe:

94 1867 253 1942 magnificus
263 1865 348 1922 titulis
357 1874 408 1923 stet
415 1876 488 1940 pater
500 1874 560 1922 ante
569 1866 637 1922 suis.

56 1942 148 2011 Quum
157 1941 237 1998 fuerit
246 1941 337 1998 Seiron
348 1941 440 2012 lectus,
452 1951 598 2015 torvusque
606 1942 766 2008 Procrustes,

93 2017 210 2084 etSinis,
224 2025 250 2072 et
259 2017 328 2073 tauri
336 2019 415 2073 mista
455 2016 637 2086 elormaviri;
830 2029 856 2070 w

56 2101 81 2149 et
89 2093 206 2149 domitae
213 2091 284 2149 hello
293 2093 407 2159 Thebae,
429 2094 526 2165 usique
535 2092 707 2159 Bimembres,

93 2175 119 2223 et
130 2167 236 2240 pulsata
246 2168 317 2242 nigri
330 2169 402 2242 regia
411 2185 486 2224 caeca
496 2168 552 2224 dei:

56 2244 233 2316 hootuapost
251 2241 311 2298 illos
330 2243 408 2299 titulo
416 2243 536 2318 signetur
546 2244 647 2320 imago:

94 2318 144 2374 llic
152 2325 201 2385 est,
213 2318 291 2373 euius
301 2336 393 2374 amans
403 2318 508 2391 hospita
518 2326 593 2391 capte
604 2318 663 2378 dolo
671 2324 721 2371 est.

56 2395 94 2449 De
102 2400 176 2449 tenta
185 2411 275 2448 rerum
288 2394 366 2448 turba
375 2393 504 2466 lactisque
516 2393 632 2466 parentis
829 2401 855 2444 75

94 2467 201 2524 seditin
210 2468 319 2543 ingenio
327 2468 421 2524 Cressa
430 2469 519 2524 relicta
528 2476 583 2525 tue.

57 2543 136 2612 Quod
145 2542 233 2600 sulum
242 2551 360 2611 excuset,
372 2543 460 2601 solum
469 2543 575 2600 miraris
585 2543 612 2596 in
624 2539 678 2596 illo.

93 2618 222 2676 Heredem
229 2619 339 2694 patriae,
349 2619 458 2693 perfide,
470 2618 571 2675 fraudis
581 2616 649 2691 agis.
