1868 2962
136 183 186 239 270
325 189 355 235 P.
377 187 506 236 0V1n11
523 186 694 234 NASONIS

172 291 314 366 iurgiaque
323 297 349 344 et
358 290 440 355 rixae,
462 286 648 362 sollicitusque
657 287 746 345 dolor.

81 378 119 421 000
135 366 254 423 Crimina
264 366 406 421 dicuntur:
428 372 534 420 resonat
542 361 708 419 clamoribus
718 364 819 420 aether:

173 442 278 496 invocat
287 441 368 497 iratos
378 449 403 495 et
413 439 466 494 sihi
475 439 593 513 quisque
603 439 679 495 deos.

137 514 226 590 [Nulla
239 515 304 570 fides
314 514 428 579 tabulis,
449 531 518 587 quae
529 531 582 570 non
592 531 640 586 per
653 522 717 570 vota
725 520 860 588 petuntur:

174 598 200 645 et
211 590 328 645 lacrimis
338 590 393 645 vidi
403 606 483 661 saepe
495 589 601 645 madere
610 588 718 664 genas]

138 668 261 738 Iupitera
272 666 348 722 vobis
359 673 413 721 tam
423 665 511 736 turpia
520 664 635 720 crimina
644 663 738 737 pellat,

84 753 123 797 380
176 743 203 798 in
214 743 315 815 quibus
325 750 365 796 est
375 739 423 796 ulli
434 757 498 795 cura
507 739 609 811 placere
621 739 691 805 yiro.

138 820 191 874 Hos
202 818 298 892 ignava
308 816 379 871 iocos
389 816 484 871 tribuit
493 817 596 882 Natura¹
606 813 723 887 puellis:

176 893 283 948 materia
294 890 392 946 ludunt
402 891 524 946 uberiore
532 891 594 947 viri.

139 969 206 1024 Sunt
216 966 269 1022 illis
279 966 430 1039 celeresque
439 965 519 1038 pilae,
539 964 724 1038 iaculumque,
742 964 878 1035 trochique,

177 1059 313 1115 armaque.
338 1050 363 1097 et
373 1042 400 1098 in
411 1060 492 1117 gyros
507 1041 545 1096 ire
554 1048 661 1097 coactus
671 1058 774 1113 equus.

86 1131 124 1174 005
139 1122 193 1175 Nec
202 1137 251 1174 vos
261 1117 380 1191 Campus
390 1117 478 1183 hahet,
495 1134 544 1172 nec
554 1134 601 1173 vos
613 1113 785 1190 gelidissima
794 1113 878 1187 Virgo,

177 1211 225 1250 neo
235 1195 339 1249 Tuscus
353 1192 464 1266 placidis
474 1192 581 1248 devehit
594 1191 684 1246 amnis
695 1190 787 1263 aquis.

140 1269 257 1335 Atticen,
277 1269 426 1340 etprodest
446 1267 586 1339 Pompeias
596 1267 635 1321 ire
648 1283 697 1338 per
707 1267 829 1338 umbras,

177 1346 224 1400 Vir
244 1344 296 1399 inis
306 1342 429 1398 aetheriis
438 1359 501 1397 cum
511 1350 591 1414 caput
599 1340 673 1397 ardet
681 1342 774 1415 equis.

141 1363 365 1494 Visiteiaungero
374 1425 475 1472 sacrata
484 1418 584 1473 Palatia
593 1417 715 1474 Phoebo:

88 1507 126 1550 300
179 1495 223 1551 ille
233 1495 399 1551 Paraetonias
410 1493 502 1549 mersit
515 1494 543 1548 in
554 1493 606 1548 alta
620 1501 704 1548 rates:
845 1554 848 1560 .

125 1636 128 1643 Ι
141 1588 264 1644 quaeque
279 1590 352 1627 soror
365 1571 519 1642 coniuxque
535 1567 611 1624 ducis
625 1572 802 1637 monumenta
814 1580 883 1639 para·

621 1650 701 1699 runt:

181 1720 323 1791 navalique
332 1734 414 1792 gener
423 1720 527 1773 cinctus
536 1718 637 1774 honore
649 1727 741 1791 caput.
794 1785 798 1789 q

142 1795 225 1850 Visite
235 1796 390 1849 turicremas
400 1810 494 1848 vaccae
503 1793 780 1865 Memphitidosaras:

180 1871 258 1924 visite
267 1869 420 1942 conspicuis
430 1877 503 1925 terna
514 1870 615 1924 theatra
625 1866 699 1925 locis.
791 1874 794 1878 ’

89 1960 128 2004 005
143 1947 298 2019 Spectentur
307 1944 395 2017 tepido
406 1943 551 2001 maculatae
563 1944 696 2019 sauguine
706 1961 818 2014 arenae;

181 2029 304 2092 metaque
313 2019 423 2076 ferventi
434 2019 623 2076 circumeunda
637 2027 704 2086 rota.
796 2082 800 2090 ¹
846 2084 849 2089 ¹

143 2096 220 2166 Quod
232 2097 301 2160 latet,
322 2097 444 2170 ignotum
453 2103 506 2151 est:
529 2095 612 2170 ignoti
623 2093 697 2151 nulla
707 2094 819 2167 cupido.

181 2174 295 2228 Fructus
305 2171 392 2236 abest,
414 2169 493 2226 lanias
503 2189 589 2243 quum
598 2171 669 2230 bona
680 2177 747 2225 teste
755 2179 837 2229 earet.

144 2251 185 2305 Tu
196 2248 256 2303 licet
264 2255 290 2302 et
299 2247 451 2320 Thamyran
462 2264 582 2319 superes,
593 2255 673 2320 atque
680 2244 790 2319 Orphea
799 2252 887 2316 cantu,

91 2333 129 2381 loo
182 2343 236 2380 non
247 2323 297 2378 erit
306 2322 411 2398 ignotae
420 2322 503 2395 gratia
515 2339 612 2396 magua
624 2321 706 2398 lyrae.
772 2380 776 2390 ¹

145 2400 172 2454 Si
183 2401 311 2455 Venerem
324 2397 394 2454 Cous
404 2414 540 2468 nusquam
550 2398 682 2468 pinxisset
690 2395 801 2469 Apelles
807 2414 821 2468 ;.

182 2492 268 2529 mersa
279 2474 331 2530 suh
340 2471 478 2545 aequoreis
488 2471 533 2526 illa
544 2472 634 2529 lateret
642 2473 733 2545 aquis.

146 2549 216 2616 Quid
227 2548 427 2620 petitursacris‚
449 2545 501 2602 nisi
515 2547 715 2615 tantumlama‚
735 2547 842 2621 poetis?
868 2601 889 2616 ..

180 2625 236 2681 lloc
246 2632 339 2683 votum
350 2623 434 2683 nostri
445 2640 555 2687 summa
563 2622 662 2679 laboris
672 2622 764 2687 habat
793 2686 797 2691 ⁸
823 2626 827 2631 ’

75 2711 119 2763 loa
134 2705 207 2765 Cura
220 2703 330 2763 ducum
343 2704 455 2767 lucrant
465 2699 535 2759 olim
543 2697 820 2771 regumquepoetesr·
849 2750 852 2754 .
