1868 2962
236 149 400 196 duonum
417 148 488 194 LIB.
507 149 530 196 1.
550 151 605 196 EL.
621 150 646 196 2.
765 145 809 197 43⁴

101 259 127 306 et
134 267 260 324 possessa
271 250 342 306 ferus
352 258 455 321 pectora
465 256 553 304 versat
561 249 653 308 Amor.

63 325 215 383 Cedimus‘?
232 345 266 382 an
285 326 407 382 subitum
428 324 551 381 luctando
569 325 738 382 accendimus

580 402 589 454 i
629 401 690 457 em‘?

101 477 252 534 Cedamus:
273 476 383 542 levefit,
405 419 662 549 quodbenefeitin
682 495 762 535 onus.
846 492 869 534 tt

63 553 126 610 Vidi
138 569 189 627 ego
198 552 305 609 iactatas
317 561 388 607 mota
398 551 453 607 face
462 570 578 607 crescere
587 550 718 620 flammas,

100 636 127 684 et
136 628 193 684 vidi
203 627 278 684 nullo
287 627 451 684 concutiente
461 627 540 683 mori.

62 705 180 762 Verbera
190 703 268 777 plura
278 701 375 769 ierunt,
388 720 471 775 quam
481 720 550 776 quos
561 703 636 758 iuvat
645 721 714 758 usus
725 704 815 770 aratri,

101 779 248 835 detrectant
257 778 342 852 pressi
352 779 419 834 dum
429 779 492 852 iuga
502 780 590 850 prima
601 779 693 834 boves.

63 856 151 928 Asper
161 873 249 928 equus
259 854 335 910 duris
344 855 518 910 contunditur
526 873 571 910 cra
583 853 696 926 lupatis:
844 867 869 909 tt

101 930 176 986 hena
189 930 282 986 minus
292 929 386 996 sentit,
407 930 533 1003 quisquis
543 930 576 984 ad
587 948 660 985 arma
671 930 741 986 iacit.

63 1006 161 1062 Acrius
172 1006 271 1062 invitos
280 1005 420 1078 multoque
429 1005 542 1061 ferocius
552 1015 637 1080 urget,

101 1099 185 1156 quam
200 1082 248 1154 qui
257 1081 397 1137 servitium
408 1081 475 1136 ferre
487 1080 615 1145 fatentur,
635 1080 726 1137 Amor.

61 1158 105 1213 En
116 1175 166 1233 ego
175 1157 315 1213 confiteor:
336 1164 382 1212 tua
392 1174 454 1211 sum
465 1174 533 1211 nova
543 1157 654 1228 praeda,
669 1157 786 1230 Cupido:

101 1232 268 1307 porrigimus
279 1232 363 1288 victas
374 1232 408 1287 ad
417 1241 461 1287 tua
473 1233 530 1288 iura
541 1250 649 1288 manus.
843 1246 868 1288 20

63 1308 108 1363 Nil
119 1326 189 1381 opus
199 1307 330 1364 estbellc:
351 1325 444 1381 pacem
454 1309 614 1380 veniamque
624 1327 760 1383 rogamus.

101 1385 160 1439 Non
173 1383 221 1439 tibi
233 1383 306 1451 iaus,
327 1384 409 1439 armis
418 1384 506 1440 victus
516 1384 641 1450 inermis,
663 1402 716 1439 ern.

63 1461 144 1515 Necte
154 1476 257 1515 comam
267 1468 370 1534 myrto:
391 1468 523 1514 maternas
534 1461 616 1533 iunge
625 1459 773 1514 columbas.

102 1533 155 1601 Qui
165 1534 288 1602 deceant,
309 1552 406 1590 currus
415 1535 527 1590 vitricus
537 1536 595 1606 ipse
604 1534 692 1588 dabit:

64 1611 150 1683 inque
158 1610 219 1665 dato
228 1628 325 1679 curru,
345 1609 445 1682 populo
456 1609 587 1664 clamante
596 1609 774 1682 triumphum,
843 1623 867 1665 25
922 1679 924 1683 A

102 1685 202 1752 stabis,
223 1693 249 1740 et
256 1686 394 1741 adiunctas
405 1694 459 1741 arte
470 1686 589 1742 movebis
599 1703 671 1740 aves.

63 1763 201 1817 Ducentur
209 1762 279 1833 capti
290 1762 400 1817 iuvenes
410 1772 555 1835 captaeque
563 1761 677 1833 puellae.

102 1836 283 1892 Haectibima
304 1838 400 1892 nificus
409 1855 507 1910 pompa
517 1837 672 1908 triumphus
682 1837 731 1892 erit

65 1914 126 1985 lpse
136 1929 199 1986 ego,
219 1929 267 1984 pra
301 1930 433 1980 arecens,
454 1911 553 1967 iactum
563 1911 810 1968 modovulnusha-

576 1988 653 2054 bebo,

102 2070 129 2118 et
140 2079 209 2119 nova
219 2062 324 2134 captiva
335 2062 443 2119 vincula
453 2072 541 2119 mente
551 2061 644 2120 feram.
714 2079 716 2088 ’
843 2076 868 2116 30

62 2139 140 2195 Mens
151 2138 223 2194 Bona
234 2138 345 2193 ducetur
355 2139 481 2194 manibus
491 2146 550 2211 post
561 2147 632 2214 terga
641 2138 754 2205 retortis,

101 2222 128 2269 et
137 2213 240 2281 Pudor,
260 2221 286 2268 et
295 2215 387 2269 castris
397 2215 532 2288 quidquid
541 2215 648 2272 Amoris
657 2215 741 2270 obest.

61 2289 163 2346 Omnia
174 2297 198 2344 te
207 2297 339 2346 metuent:
360 2289 393 2345 ad
404 2298 427 2345 te
437 2308 486 2347 sua
496 2291 603 2347 brachia
614 2289 735 2345 tendent:

101 2363 218 2452 vulgus,
239 2367 281 2431 10,
303 2383 487 2439 magnavoce,
508 2366 670 2439 Triumphe,
691 2372 775 2419 canet.

60 2440 212 2496 Blanditiae
220 2441 331 2497 comites
341 2441 389 2495 tibi
400 2450 487 2508 erunt,
498 2443 642 2515 Errorque,
654 2440 802 2512 Furorque,
843 2451 868 2494 35

101 2516 212 2571 assidue
219 2525 308 2589 partes
319 2516 397 2571 turba
407 2526 496 2573 secuta
506 2527 576 2573 tuas.

60 2588 754 2670 Histumilitibussuperashominesquedeusmre:

94 2667 162 2718 haee
171 2665 221 2719 tibi
226 2666 255 2721 si
263 2667 358 2724 demas
368 2673 532 2744 commoda,
554 2670 656 2732 nudus
666 2670 739 2731 eris.
