1868 2962
256 86 467 171 eunomus,
486 126 543 172 nr.
558 126 627 173 xm.
766 123 813 175 rna

66 227 136 282 Mota
144 223 196 280 loci
207 222 277 278 fama
287 224 461 297 properabam
473 225 556 281 visere
565 226 657 293 Delon,
725 286 727 290 ,

102 309 128 356 et
137 299 224 354 faeere
233 299 330 373 ignava
340 316 430 371 puppe
439 300 547 355 videbar
558 301 615 356 iter.

65 378 155 447 Quam
165 389 257 446 saepe,
277 382 308 429 ut
319 375 416 440 tardis,
437 373 486 429 ieci
496 374 614 430 convicia
623 379 717 446 remis;

84 457 254 523 questaque
263 467 325 504 sum
335 457 414 505 vento
424 447 504 504 lintea
514 467 592 521 parea
604 450 675 506 derit
843 465 868 507 so

64 527 99 582 Et
109 527 165 580 iam
178 524 334 579 transieram
344 525 483 598 Myconen,
497 524 550 579 iam
561 525 650 581 Tenon
661 534 685 580 et
690 526 811 582 Andron?

104 602 190 672 inque
199 599 267 654 meis
275 599 360 655 oculis
369 599 480 654 eandida
492 599 566 656 Delos
576 608 640 655 erat.

64 677 156 744 Quam
166 673 258 746 procul
269 683 299 729 ut
311 675 376 740 vidi,
392 673 463 741 Quid
474 693 516 728 me
526 674 607 749 iugis,
623 675 725 740 insula,
740 675 814 730 dixit

104 750 365 824 Laberisinmagno
375 750 522 821 numquid,
544 758 657 813 utente,
679 751 765 805 mari‘?

64 827 220 883 Institeram
230 833 326 890 terrae,
347 842 433 896 quum
446 826 513 890 iam,
535 842 616 897 prope
626 825 684 881 luoe
696 834 808 897 peraeta,
844 840 868 880 ss

105 902 212 957 demere
220 899 363 973 purpureis
373 898 417 954 Sol
428 899 490 973 iuga
500 900 579 955 vellet
588 902 679 973 equis:

64 995 137 1051 quos
148 975 219 1030 idem
229 974 320 1030 solitos
330 982 471 1046 postquam
482 977 614 1031 revocavit
624 976 656 1030 ad
667 985 750 1039 ortus,

105 1058 249 1108 comuntur
258 1057 375 1114 nostrae,
397 1057 480 1104 matre
490 1050 610 1116 iubente,
632 1069 731 1107 comae.

66 1130 128 1200 Ipso
138 1125 212 1181 dedit
220 1143 341 1200 gemmas
350 1124 455 1200 digitis,
476 1132 501 1180 et
511 1126 630 1184 crinibus
640 1140 750 1197 aurum:

105 1209 131 1257 et
140 1209 227 1257 vestes
236 1199 356 1256 humeris
369 1200 457 1255 induit
466 1201 523 1272 ipsa
533 1202 610 1264 meis.
842 1216 867 1256 oo

66 1277 193 1334 Protinus
203 1293 323 1350 egressae
330 1274 453 1349 Superis,
474 1277 575 1348 quibus
585 1275 672 1338 insuia
683 1294 755 1332 saera
764 1286 811 1340 est,

105 1352 175 1408 flava
184 1350 304 1407 salutatis
314 1359 373 1406 tura
384 1368 542 1424 merumque
552 1351 657 1407 damus.

67 1432 194 1499 Dumque
202 1444 298 1500 parens
308 1444 366 1482 aras
377 1426 465 1482 votivo
474 1426 606 1500 sauguine
616 1428 703 1501 tingit,

106 1502 227 1575 festaque
239 1501 352 1557 fumosis
362 1502 458 1576 ingerit
468 1510 526 1557 exta
537 1500 615 1566 focis;

65 1577 163 1635 sedula
173 1594 216 1633 me
225 1577 317 1633 nutrix
327 1576 393 1641 alias
403 1593 510 1649 quoque
519 1576 593 1631 ducit
602 1576 631 1631 in
640 1576 726 1642 aedes,
842 1591 867 1632 ss

105 1670 281 1725 erramusque
289 1670 358 1726 vago
371 1669 418 1724 per
426 1650 482 1707 ioca
492 1669 565 1706 sacra
575 1651 650 1723 pede.

63 1731 103 1791 Et
111 1728 192 1784 modo
200 1728 347 1801 porticibus
358 1728 470 1799 spatior,
491 1723 570 1787 modo
579 1745 690 1783 munera
700 1747 794 1803 regum

107 1802 204 1859 miror:
225 1811 250 1858 et
259 1803 287 1858 in
301 1803 403 1858 cunetis
413 1803 508 1858 stantia
517 1803 595 1877 signa
605 1801 679 1860 loeis.

67 1880 154 1936 Miror
162 1885 188 1933 et
196 1878 346 1934 innumeris
355 1886 482 1935 structam
492 1877 525 1932 de
534 1878 659 1934 cornibus
669 1898 751 1934 aram.
896 1936 900 1945 ,

107 1961 134 2009 et
143 1953 175 2008 de
185 1971 238 2025 qua
247 1953 353 2025 pariens
363 1953 455 2008 arbore
468 1953 530 2008 nixa
540 1952 588 2008 dea
597 1962 649 2007 est:
831 1967 868 2007 roo

67 2037 95 2086 et
104 2045 175 2102 quae
184 2036 315 2101 praeterea
325 2027 420 2101 (neque
432 2027 504 2082 enim
516 2027 660 2084 meminive
671 2028 774 2094 libetve,

107 2102 243 2177 quidquid
252 2103 289 2157 ibi
300 2103 369 2169 vidi,
390 2101 495 2175 dicere.)
503 2102 580 2159 Delos
590 2103 677 2160 habet.

67 2178 192 2237 Forsitan
202 2176 267 2234 h'aee
276 2185 421 2250 speetansa
432 2184 457 2231 te
468 2178 617 2249 spectabat,
638 2179 709 2235 neon
714 2180 741 2244 ti,

107 2254 221 2326 visaque
229 2252 386 2325 simplicitas
395 2259 435 2306 est
440 2254 501 2308 'mea
510 2271 588 2325 posse
597 2255 666 2327 oapi.

67 2328 244 2402 Intemplum
253 2327 344 2393 redeo,
364 2326 492 2401 gradibus
502 2328 631 2395 sublime,
652 2329 759 2383 Dianae.
829 2340 868 2381 105

108 2403 202 2460 Tutior
211 2404 261 2460 hoo
269 2401 361 2474 eequis
372 2400 464 2458 debuit
471 2421 528 2459 esse
542 2401 635 2461 loeus?

67 2481 186 2538 Mittitur
195 2477 342 2551 antepedes
352 2476 454 2533 malum
466 2496 528 2535 cum
538 2479 656 2535 carmine
665 2475 724 2530 tali:
739 2507 776 2517 -

107 2556 154 2610 hei
164 2554 246 2609 mihil
267 2551 354 2608 iuravi
365 2570 553 2628 nuncquoque
562 2569 646 2627 paene
656 2551 717 2607 tint.

64 2628 356 2696 Sustulithoonutrix,
377 2629 546 2709 mirataque,
565 2627 699 2709 Periege,
718 2629 804 2687 u'rx'u.
