1868 2962
242 148 454 194 HEROIDES.
483 148 539 196 Er.
552 147 619 194 xvl.
773 140 805 193 79

240 372 499 430 EPISTOLA
537 374 629 430 xv1.

182 491 359 537 rrnrs
414 493 695 537 eruemur.

57 612 138 676 Hane
148 617 198 673 tibi
207 616 353 672 Priamides
363 617 449 683 mitto,
462 617 572 685 Ledaea,
587 616 711 684 salutem,

93 711 165 768 quae
174 693 257 748 tribui
266 691 321 748 sola
332 700 356 747 te
367 692 435 747 mihi
448 693 526 748 dante
536 700 631 765 potest.

56 767 195 844 Eloquar?
213 786 248 824 an
258 767 381 837 flammae
390 786 444 824 non
454 776 494 823 est
504 785 572 840 opus
583 769 671 824 indice
681 778 766 835 notae,

94 855 121 902 et
130 843 204 918 plus,
217 861 300 916 quam
309 842 415 911 vellem,
427 844 481 899 iam
491 862 568 900 meus
578 851 649 900 extet
658 845 752 901 emor‘?

57 922 104 977 lite
113 920 225 994 quidem
236 919 313 974 lateat
322 919 425 985 malim,
436 919 503 975 dum
513 927 631 992 tempora
640 920 737 976 dentur
850 935 862 976 5
891 919 894 924 ’

95 995 210 1052 laetitiae
219 994 312 1050 mistos
326 1013 379 1051 non
389 995 513 1051 habitura
524 1004 622 1051 metus.

58 1073 109 1129 Sed
119 1070 190 1127 male
200 1069 351 1126 dissimulo.
373 1069 440 1138 Quis
448 1072 522 1126 enim
530 1070 653 1128 celaverit
661 1073 761 1148 ignem,

97 1148 202 1204 lumine
211 1146 259 1219 qui
270 1164 375 1218 semper
385 1147 505 1219 proditur
515 1148 573 1219 ipse
582 1146 650 1204 sue‘?

58 1225 85 1281 Si
96 1232 188 1280 tamen
197 1229 441 1294 exspectas‚v00em
447 1240 555 1295 quoque
565 1223 646 1278 rebus
655 1230 686 1278 ut
695 1225 804 1291 addam,

96 1318 175 1357 uror:
195 1298 278 1354 habes
288 1298 372 1353 enimi
384 1299 477 1354 nuntia
487 1299 568 1355 verba
578 1298 641 1371 mei.
683 1315 685 1320 ’
837 1313 862 1356 10

59 1377 149 1443 Parce,
160 1391 261 1447 preeor,
275 1372 359 1430 festo:
380 1392 430 1429 nee
439 1374 506 1430 duro
516 1381 616 1430 caetere
626 1373 705 1431 uultu

95 1450 212 1526 perlege,
226 1449 274 1511 sed
283 1449 382 1505 formae
391 1451 563 1505 conveniente
573 1458 643 1507 tuae.

58 1526 221 1584 Iamdudum
230 1532 337 1600 gratum
347 1532 395 1590 est,
407 1525 480 1597 quod
489 1525 599 1597 epistula
610 1532 698 1581 nostra
708 1535 808 1597 recepta

97 1621 175 1676 spem
185 1601 256 1667 feeit,
266 1601 317 1657 hoc
327 1601 408 1673 recipi
421 1618 464 1655 me
473 1618 581 1673 quoque
589 1618 668 1673 posse
680 1601 767 1656 modo.

59 1679 134 1748 Quae
146 1686 202 1734 rate
211 1677 275 1742 sint,
289 1695 338 1733 nee
347 1684 372 1732 te
381 1675 478 1733 frustra
489 1677 650 1749 promiserit,
662 1686 732 1750 epte,
838 1692 862 1734 15

98 1752 150 1808 hoe
164 1753 232 1810 mihi
242 1771 311 1825 quae
321 1754 414 1819 suasit,
426 1761 510 1809 mater
519 1754 635 1820 Amoris,
647 1754 705 1809 iter.

59 1833 185 1902 Namque
194 1846 243 1903 ego
252 1828 344 1884 divino
354 1830 468 1896 monitu,
480 1847 514 1884 ne
523 1830 611 1884 nescia
619 1846 720 1901 pecces,

98 1904 230 1962 advehor:
251 1911 276 1960 et
285 1913 375 1977 coepto
386 1924 439 1960 nou
450 1905 507 1961 leve
518 1923 619 1959 numen
629 1905 711 1960 adest.

59 1980 182 2038 Praemia
191 1996 288 2053 magna
299 1980 418 2053 quidem,
433 1981 480 2035 sed
490 1999 544 2036 non
554 1981 680 2048 indebite,
691 2000 785 2054 poseo:

97 2055 216 2130 pollicita
225 2063 265 2110 est
274 2055 563 2130 thalamoteCytherea
572 2074 640 2112 meo.
837 2069 863 2110 20

60 2134 115 2201 Hae
124 2131 193 2188 duee
201 2129 279 2204 Sigeo
289 2130 385 2186 dubias
395 2131 505 2186 ulittore
515 2130 564 2186 feei

59 2253 61 2258 .
98 2206 179 2282 longa
188 2205 325 2262 Phereclea
335 2223 383 2278 per
392 2206 457 2261 freta
465 2224 556 2279 puppe
564 2207 632 2264 vias.

59 2283 109 2339 Ille
118 2281 193 2338 dedit
202 2280 291 2337 faciles
301 2299 388 2348 auras,
401 2293 547 2355 ventosque
557 2282 697 2339 secundos.

98 2360 131 2415 ln
141 2375 215 2413 mare
224 2355 273 2432 (nil
283 2358 392 2432 mirum)
402 2358 445 2413 ius
456 2358 535 2414 habet
542 2367 598 2414 orta
609 2359 686 2414 mari.

60 2436 175 2491 Perstet:
196 2438 232 2499 et,
242 2439 274 2489 ut
282 2432 379 2508 pelagi,
392 2434 432 2488 sic
440 2434 553 2506 pectoris
564 2434 671 2490 adiuvet
680 2438 796 2488 aestum:
838 2446 863 2488 25

98 2507 341 2582 deferatinportus
351 2518 376 2564 et
384 2527 443 2565 mea
453 2517 512 2565 vota
522 2527 596 2565 suos.

61 2584 211 2643 Attulimus
220 2582 351 2651 flammm,
364 2603 417 2641 non
427 2585 472 2641 hie
481 2581 744 2654 invenimusdiim,

96 2658 228 2716 tremiti
234 2666 286 2716 tem
299 2659 395 2737 longae
405 2681 508 2724 caussa
521 2664 601 2724 fuere
607 2664 687 2726 uiue.
