1868 2962
129 169 181 228 272
314 175 342 220 P.
368 172 496 221 ovlmt
517 172 686 219 NASONIS

166 275 269 332 lumina
279 274 418 349 Gorgoneo
430 274 539 343 saevius
545 274 609 348 igne
620 271 733 331 micent.

76 367 114 409 ⁵05
129 351 327 425 Iprocuihine,
347 350 424 415 dixit,
446 368 499 404 non
512 348 628 413 esmihi,
650 346 728 413 tibia.
749 349 824 419 tanti,

166 435 196 483 ut
204 425 272 482 vidit
281 425 374 483 vuitus
383 423 470 481 Paiias
480 425 509 479 in
518 441 598 483 amne
607 441 697 487 suos..

127 504 181 561 Vos
191 519 301 575 quoque
309 502 333 557 ei
344 499 430 555 media
438 498 578 572 specuium
588 497 714 572 spectetis
724 501 753 556 in
767 500 817 569 ira3

166 586 308 653 eognoscat
316 575 409 632 faciem
422 575 470 631 vix
479 575 545 630 satis
555 573 611 630 ulle
620 592 712 630 suam.

129 655 184 710 Neo
192 653 284 711 minus
295 653 324 707 in
333 650 410 706 vultu
419 649 549 706 damnosa
561 650 690 722 superbie
700 658 802 707 vestro.-

76 740 115 783 5tt
167 729 289 785 comibus
297 735 338 783 est
347 724 431 781 oculis
444 724 601 781 alliciendus
611 742 697 782 emor.

130 803 244 862 Odimus
258 801 414 858 immodicos
424 800 541 874 (experte
550 800 657 876 credite)
667 794 754 857 iaetus

167 880 249 951 Saepe
258 886 346 934 tacens
356 876 410 932 odii
423 878 527 932 semina
536 875 628 932 vultus
637 875 730 932 habet.

130 955 294 1028 Spectantem
304 959 408 1024 specta:
428 950 525 1006 ridenti
536 949 626 1007 mollia
636 949 704 1015 ride.

167 1026 281 1084 Innuet?
298 1035 418 1100 acceptas
427 1035 458 1080 tu
468 1044 577 1099 queque
586 1025 667 1081 redde
676 1034 765 1085 netes.

77 1117 116 1159 515
131 1104 175 1160 Sic
184 1103 232 1160 ubi
242 1103 371 1176 praelusit
379 1101 494 1158 rudibus
502 1102 571 1157 Puer
581 1100 627 1156 ille
635 1101 754 1176 sagittis,

168 1179 272 1252 spicuia
280 1178 313 1234 de
321 1177 445 1250 pharetra
453 1177 553 1249 promit
565 1183 641 1233 teuta
651 1194 713 1232 sus.

131 1255 245 1310 Odimus
255 1262 281 1310 et
289 1261 413 1309 moestas.
444 1253 611 1307 Tecmessam
621 1250 717 1326 diligat
726 1251 810 1309 Aiax:

168 1347 227 1394 nos,
248 1327 360 1384 hilarem
370 1325 517 1400 populum,
538 1324 714 1383 feminalaeta
724 1326 806 1401 cepit.

131 1406 278 1477 Nunquam
289 1410 381 1479 egeto,
394 1402 590 1470 Andromache,
610 1418 659 1457 nec
667 1409 704 1469 te,
728 1402 853 1458 Tecmessi

610 1495 744 1546 tarem,
847 1498 852 1507 ’

79 1568 117 1611 520
169 1565 267 1613 utmea
279 1555 398 1611 devehis
408 1552 489 1609 altera
499 1495 666 1610 amiesoiii.
789 1608 802 1627 ,Ι

133 1630 244 1688 Credere
254 1631 301 1686 vix
310 1629 415 1694 videor,
440 1645 527 1702 quum
537 1626 731 1702 cogiteredere
739 1636 840 1702 partus,

170 1723 218 1762 voe
228 1722 277 1777 ego
286 1722 349 1758 eum
359 1705 455 1775 vestris
464 1703 642 1760 concubuisse
652 1701 743 1777 viris„

132 1780 236 1835 Scilicet
246 1779 320 1833 Aiaci
333 1776 430 1833 mulier
440 1778 618 1834 moestissima
627 1776 706 1845 dixit,

169 1855 230 1910 Lux
238 1871 312 1923 mes3
333 1871 456 1928 quaeque
467 1854 553 1911 soient
560 1853 642 1909 verba
652 1853 746 1910 iuvare
755 1852 844 1911 vims‘?

79 1944 117 1988 525
132 1928 199 1998 Quis
208 1937 302 1987 vetata
312 1929 417 2005 magnis
427 1929 461 1985 ad
470 1948 511 1986 res
521 1928 642 2003 exempla
652 1929 771 1986 minores

170 2022 286 2071 sumere,
307 2023 356 2061 nec
367 2023 463 2061 nomen
473 2002 644 2078 pertimuisse
653 2004 752 2061 ducis?
792 2059 796 2069 ,

132 2082 192 2136 Dux
205 2081 291 2136 benus
301 2080 365 2136 huie
373 2088 481 2136 centum
490 2081 625 2138 commisit
634 2080 688 2136 vite
698 2078 843 2156 regendos:

170 2155 360 2228 huicequites3
381 2154 421 2209 ilii
436 2157 514 2231 signa
524 2156 621 2212 tuende
632 2154 715 2211 dedit.
732 2214 744 2227 η,

133 2233 186 2288 Vos
195 2248 319 2305 queque,
342 2231 374 2286 de
389 2232 467 2288 nobis
477 2250 558 2306 quem
568 2231 686 2306 quisque
699 2228 751 2286 erit
760 2239 852 2305 aptuea

608 2325 701 2373 usum,

80 2393 118 2434 530
171 2383 303 2456 inspicite,
323 2390 349 2438 et
358 2392 427 2437 certo
435 2383 525 2455 ponite
535 2400 671 2456 quemque
684 2381 752 2439 loco.

133 2458 243 2514 Munere
252 2458 297 2514 det
305 2458 395 2515 dives:
415 2458 459 2511 ius
471 2459 520 2530 qui
530 2458 706 2532 profitebitur,
727 2456 813 2515 a‘dsit:

171 2532 303 2589 facundus
312 2550 435 2590 causeam
445 2549 523 2605 saepe
532 2533 636 2590 clientis
650 2542 721 2608 eget.

133 2607 257 2665 Carmine
267 2610 317 2684 qui
325 2608 450 2675 iacimus,
469 2609 608 2664 mittamus
617 2608 738 2664 carmina
748 2617 851 2667 tantum

156 2687 231 2745 Nem
240 2687 344 2749 chorus
352 2696 419 2748 ante
428 2685 497 2746 alios
506 2693 591 2766 uptiis
598 2698 691 2739 emese
697 2697 810 2735 eximes.
