1868 2962
251 148 456 195 HEROIDES.
486 151 542 194 ΕΡ.
558 148 601 196 IV.
769 146 800 195 49

87 247 162 306 Cur?
181 248 236 304 nisi
246 267 279 304 nc
288 267 394 320 caperes
404 266 486 322 regua
496 257 603 320 paterna
613 249 722 304 nothus.

54 324 161 380 Addidit
170 331 197 378 et
210 322 302 379 fratres
312 342 346 379 cx
355 341 398 379 me
407 325 470 378 tibi:
491 341 559 395 quos
571 332 658 380 tamen
668 343 760 379 omnes

87 418 143 456 non
153 417 204 473 ego
213 399 321 455 tollendi
331 416 433 464 caussa,
444 400 491 454 sed
501 399 545 454 ille
554 399 614 455 fuit.

54 475 189 530 Outinam
200 474 321 530 nocitura
331 475 389 539 tibi,
403 474 582 546 pulcherrima
593 493 691 542 rernm,

87 552 118 606 in
129 550 219 607 medio
227 550 292 606 nixu
304 550 404 604 viscera
414 558 492 621 rupta
503 549 602 606 forent!

55 628 158 692 Inunc,
175 631 201 677 et
217 625 305 680 meriti
316 624 412 680 lectum
423 643 540 680 reverere
549 627 676 697 parentiS,

88 719 171 774 quem
182 699 252 774 fugit
260 707 286 755 et
294 699 369 755 factis
380 700 483 755 abdicat
491 700 536 755 ille
546 701 614 755 suis.

53 779 115 843 Nec,
127 777 193 848 quia
203 776 330 849 privigno
341 774 431 830 videar
442 777 542 831 coitura
553 794 675 843 noverca,

89 851 235 907 terruerint
244 851 348 906 animos
360 850 468 906 nomina
478 869 548 907 vana
558 861 627 908 tuoe.

54 930 103 983 ista
113 936 192 983 vetus
202 926 295 997 pietas,
307 927 509 981 aevomoritura
519 926 617 994 futuro,
641 921 644 927 ’

88 1003 190 1058 rustica
200 1001 313 1056 Saturno
323 1019 403 1074 regna
414 1009 526 1069 tenente,
539 1001 599 1057 fuit.

55 1079 151 1151 iupiter
160 1094 219 1132 csse
228 1076 305 1149 pium
315 1077 415 1142 statuit,
426 1078 605 1150 quodcunque
616 1078 731 1151 iuvaretq

88 1161 115 1208 et
125 1152 165 1208 sas
175 1169 255 1208 omne
264 1151 326 1207 facit
335 1150 414 1206 fratre
426 1153 521 1207 marita
530 1169 612 1208 soror.

56 1228 99 1284 illa
109 1229 163 1284 coit
173 1228 250 1282 firma
260 1227 365 1301 generis
375 1227 497 1283 iunctura
509 1235 609 1294 catena,

90 1303 220 1375 imposuit
229 1301 312 1358 nodos
322 1303 365 1357 cui
375 1303 466 1359 Venus
477 1304 535 1374 ipsa
545 1322 618 1359 snos.

55 1381 106 1434 Nec
117 1379 192 1434 labor
201 1385 254 1447 est3
275 1375 358 1433 celare
370 1377 440 1433 licet:
462 1386 520 1450 pete
529 1397 630 1435 munus
641 1379 673 1433 ab
685 1379 739 1434 illa.

90 1454 209 1528 Cognato
222 1453 434 1525 poterit-nomine
443 1453 521 1525 culpa
532 1455 593 1527 tegi.

55 1529 155 1586 Viderit
164 1529 301 1601 amplexus
311 1527 423 1601 eliquis3
444 1527 613 1583 laudabimur
622 1530 709 1583 ambo.

90 1606 168 1660 Dicar
179 1605 304 1678 privigno
313 1604 366 1659 fida
377 1621 487 1660 noverca
497 1621 565 1660 mco.

54 1683 113 1736 Non
123 1680 172 1734 tibi
181 1697 230 1752 per
239 1680 360 1736 tenebras
369 1679 431 1736 duri
440 1679 579 1735 reseranda
590 1679 677 1733 mariti

92 1757 183 1821 ianua,
196 1773 251 1810 non
260 1763 349 1811 custos
358 1755 530 1828 decipiendus
541 1756 599 1810 erit.

55 1833 89 1886 Ut
99 1831 186 1886 tenuit
194 1831 291 1903 doinus
300 1848 356 1885 una
365 1831 442 1897 duos,
453 1831 549 1886 domus
560 1849 613 1885 una
624 1830 730 1884 tenebit.

10 1960 13 1971 ,
91 1905 190 1962 Oscula
202 1913 290 1978 aperta
302 1905 393 1972 dabas,
405 1905 495 1962 oscula
505 1913 592 1977 aperta
602 1905 687 1959 dabis.

55 1983 140 2036 Tutus
149 1983 201 2036 eris
212 1998 327 2048 mecum,
340 1981 499 2053 laudemque
508 1981 640 2036 merebere
649 1979 737 2051 culpa,

91 2065 121 2112 tn
131 2055 192 2113 licet
201 2056 230 2111 in
241 2055 305 2112 lecto
315 2057 477 2128 conspiciare
487 2073 555 2112 mco.

55 2132 128 2188 Tolle
138 2149 227 2188 moras
237 2140 351 2199 tantum,
362 2138 554 2204 properataque
562 2130 664 2187 foedera
675 2131 758 2204 iunge
768 2173 771 2184 .

91 2208 140 2279 qui
150 2207 218 2262 mibi
230 2224 302 2262 nunc
314 2207 406 2273 saevit,
417 2207 456 2262 sic
465 2207 513 2261 tibi
524 2213 613 2279 parcat
621 2208 712 2261 Amor.

54 2284 113 2338 Non
124 2300 174 2357 ego
183 2281 312 2357 dedignor
322 2281 436 2354 supplex
445 2282 610 2355 humilisque
619 2281 730 2353 precari.

91 2358 164 2413 Heul
186 2358 233 2412 ubi
243 2375 316 2413 nunc
325 2356 408 2412 fastus
418 2357 523 2430 altaque
531 2356 631 2412 verba?
650 2358 745 2410 lacent.
815 2367 854 2408 roo

54 2432 88 2487 Et
95 2449 218 2507 pugnare
227 2431 284 2499 diu,
297 2449 345 2487 nen
354 2450 396 2487 me
406 2433 560 2487 submittere
569 2431 662 2502 culpae

91 2517 161 2565 certa
174 2507 224 2573 fui,
238 2508 301 2563 certi
312 2508 334 2562 si
345 2507 413 2579 quid
422 2508 529 2562 haberet
537 2509 628 2562 Amor.

19 2602 23 2609 ·
55 2583 129 2640 Victa
139 2601 241 2655 precor,
250 2583 420 2658 genibusque
430 2583 485 2641 tuis
495 2581 599 2662 negaba
608 2581 691 2640 tendo

83 2657 199 2711 ltfflsshl't'·
223 2656 296 2725 Ouid
304 2659 407 2734 deccat,
420 2681 479 2724 non
489 2664 569 2726 videt
578 2661 662 2723 uirus
671 2679 791 2721 uniaris,

671 2753 746 2811 uu·
