1868 2962
129 125 161 179 92
320 127 350 172 P.
371 126 496 174 OVIDII
514 127 680 175 NASONIS

75 237 99 285 te
165 229 299 300 verbaque
309 227 435 283 dicuntur
443 234 529 284 vestra
537 245 625 283 carere
634 227 696 283 fide.

128 304 163 360 At
171 311 279 376 percant
287 302 363 369 aliae,
379 310 552 376 matronaque
561 321 619 358 rara
628 303 726 375 pudiea
735 310 787 360 est.

166 377 233 446 Quis
242 378 363 451 prohibet
373 379 440 434 raris
449 396 546 434 nomen
555 379 643 434 inesse
651 377 764 434 meum?

128 456 197 510 Nam
206 471 265 509 mea
278 454 351 527 quod
359 454 418 509 visa
429 453 525 508 esttibi
536 461 619 509 mater
627 452 734 520 idonea,
749 453 823 509 cuiue

165 528 287 602 exemplo
295 528 362 584 flecti
372 546 416 583 me
427 545 536 601 quoque
544 546 622 601 posse
630 536 723 601 putes:

75 616 100 661 ts
127 605 220 660 matris
229 605 258 660 in
269 604 395 668 admisso,
410 602 475 658 falsa
484 603 536 659 suh
546 604 663 678 imagine
673 602 758 670 lusae,

166 698 238 737 error
247 679 328 734 inest:
342 677 435 750 pluma
445 685 528 734 tectus
537 678 712 734 adulteraret.

129 755 172 810 Nil
183 773 241 829 ego,
256 755 279 808 si
289 770 405 825 peccem,
420 770 531 825 possum
541 754 670 810 nescisse:
687 771 738 810 nec
748 753 823 810 ullus

166 848 247 894 error,
262 827 309 900 qui
319 826 380 883 facti
389 828 489 884 crimen
500 829 650 895 obumbret,
664 829 724 885 erit.

129 906 177 962 Illa
186 902 367 970 beneuram,
380 903 532 977 vitiumque
540 912 645 960 auctore
654 905 777 960 redemit.

76 995 101 1037 5ο
165 977 366 1051 Telixineulpa
375 977 655 1055 quolovedicarego‘i

128 1057 163 1111 Et
171 1071 267 1129 genus,
280 1060 306 1108 et
313 1070 436 1127 proavos,
450 1063 476 1110 et
484 1055 556 1129 regia
566 1055 675 1110 nomina
684 1053 781 1112 iactas:

166 1129 237 1185 clara
246 1128 342 1185 domus
351 1130 416 1186 eatis
426 1130 491 1186 haec
500 1129 636 1185 nobilitate
645 1147 694 1185 sua
703 1139 753 1185 est.

129 1206 228 1278 Iupiter
237 1213 268 1260 ut
279 1205 361 1261 soceri
371 1223 486 1278 pmavus
498 1213 622 1271 taceatur,
636 1212 662 1260 et
671 1221 751 1261 omne

137 1339 142 1349 ,
167 1279 319 1336 Tantalidae
333 1279 436 1352 Pelopis
446 1279 632 1354 Tyndareique
643 1296 745 1354 genus3

76 1370 101 1412 55
129 1357 174 1412 dat
182 1356 250 1411 mihi
259 1355 329 1410 Leda
340 1357 441 1421 Iovem,
457 1372 541 1429 cycno
549 1354 665 1428 decepta,
679 1363 823 1426 parentem,

167 1449 236 1504 quae
244 1430 339 1486 falsam
347 1430 449 1506 gremio
457 1429 564 1485 credula
573 1429 639 1486 fovit
647 1447 735 1485 avem.

130 1510 233 1573 laune,
248 1514 274 1561 et
281 1507 413 1582 Phrygiae
422 1505 473 1561 late
483 1504 627 1579 primordia
635 1505 733 1580 gentis,

166 1600 283 1656 cumque
293 1600 342 1638 suc
351 1582 488 1637 Priamum
498 1580 674 1637 Laomedonte
683 1580 760 1636 reicr.

130 1659 203 1726 Quos
213 1676 261 1732 ego
270 1656 402 1729 suspicio:
419 1657 475 1722 sed,
490 1657 538 1729 qui
548 1656 597 1711 tibi
605 1655 691 1731 gloria
700 1673 823 1744 magnae

77 1745 102 1788 5ο
167 1733 289 1805 quintus,
303 1732 327 1786 is
338 1749 353 1786 a
363 1738 453 1787 nostro
462 1732 595 1806 sanguine
603 1730 709 1803 primus
719 1740 778 1786 errt.

131 1808 236 1879 Sceptra
247 1815 306 1861 tuae
316 1807 441 1879 quamvis
451 1824 509 1862 rear
518 1824 576 1862 esse
585 1806 701 1878 potentia
711 1806 815 1874 Troiae,

168 1901 221 1938 non
231 1891 319 1938 tamen
329 1883 393 1937 haec
402 1881 456 1936 iliis
466 1899 524 1937 esse
533 1882 635 1938 minora
645 1888 720 1954 puto.

131 1958 158 2012 Si
169 1958 222 2012 iam
232 1956 333 2012 divitiis
344 1957 418 2014 locus
428 1957 473 2012 hic
485 1974 650 2031 numeroque
661 1957 784 2012 virorum

168 2033 297 2087 vincitur:
312 2039 415 2089 atcerte
424 2032 536 2088 barbara
545 2039 613 2088 terra
622 2039 725 2086 tuaest.

82 2121 107 2163 55
135 2109 245 2164 Munera
255 2114 326 2162 tanta
335 2108 444 2180 quidem
454 2108 584 2179 promittit
593 2106 703 2179 epistola
715 2107 795 2165 dives

168 2191 199 2238 ut
207 2182 311 2255 possint
320 2183 391 2253 ipsas
401 2182 447 2238 iila
456 2201 562 2239 movere
572 2183 645 2238 deas.

131 2258 182 2314 Sed
192 2260 215 2313 si
226 2259 279 2312 iam
289 2257 384 2312 vellem
393 2258 460 2313 fines
469 2259 581 2314 transire
592 2256 717 2331 pudoris:

169 2343 199 2390 tu
208 2334 292 2389 maior
301 2332 394 2405 culpae
406 2350 500 2388 caussa
511 2334 617 2391 iuturus
627 2351 696 2389 eras.

132 2408 185 2464 Aut
194 2428 242 2485 ego
250 2415 377 2482 perpetuo
386 2408 484 2463 samam
494 2409 552 2465 sine
565 2409 623 2464 labe
636 2409 745 2478 tenebo;

2 2543 4 2545 .
79 2496 104 2538 το
169 2494 215 2539 aut
224 2484 413 2560 egotepotius‚
427 2502 510 2557 quam
520 2493 565 2540 tua
574 2484 653 2550 dena,
667 2501 775 2556 sequar.

132 2560 219 2630 thue
231 2579 261 2614 ea
271 2579 323 2616 non
334 2577 443 2632 spern03
464 2561 503 2615 sic
515 2559 697 2632 acceptissima
706 2577 813 2630 semper

159 2651 276 2692 munere
291 2644 366 2707 sunt,
382 2644 473 2696 auctar
483 2633 747 2712 quaeuretiesaiacit
